3746 5912
506 557 784 609 lNSTRVMENTVM
809 558 1037 609 Domnsilcvm

573 799 627 856 IX.
662 796 895 856 AMPHORAE
917 805 972 857 aet.

536 972 575 1030 s.
606 970 838 1031 amasonia
860 991 889 1049 p.
909 973 1001 1032 0000.

113 1149 144 1189 ιι.
170 1131 282 1190 62542
313 1127 490 1188 Emmanuel
516 1125 601 1186 Periz
630 1125 774 1186 Valentin
803 1127 834 1203 d.
865 1130 878 1186 1
908 1146 947 1186 m.
976 1126 1052 1187 Maii
1079 1148 1106 1189 a.
1138 1131 1220 1189 1778
1254 1129 1358 1190 comiti
1390 1132 1427 1191 de

159 1232 316 1293 Lamiares
338 1232 459 1310 scripsit
480 1228 697 1312 (Metel-Fatio
718 1231 854 1308 Rapport
874 1251 903 1309 p.
924 1234 978 1307 103
1001 1251 1029 1292 v.
1053 1251 1144 1309 snpra
1164 1253 1193 1310 p.
1212 1230 1283 1315 445)
1307 1233 1340 1292 in
1365 1255 1428 1294 am·

157 1337 259 1415 phoris
280 1336 378 1396 tribus
403 1332 539 1416 (attejas),
563 1354 689 1410 quarum
711 1334 816 1410 argilla
837 1353 936 1394 crassa
958 1333 999 1394 sit
1020 1333 1132 1412 digitos
1153 1344 1214 1397 tres
1236 1331 1302 1417 (tres
1323 1335 1426 1419 dedas),

156 1441 335 1520 inscriptum
357 1460 422 1500 esse

473 1601 492 1640 a
514 1578 530 1636 l
573 1595 679 1639 misor
924 1598 940 1636 0
982 1594 1066 1638 arsos

573 1699 679 1744 move
986 1698 1073 1743 noae

111 1840 269 1919 Desmipsi
291 1860 328 1900 ex
350 1839 480 1918 epistula
500 1839 704 1900 Emmanuelis
725 1838 819 1898 Paria.
862 1839 944 1915 Lege
959 1828 1165 1922 ‘lippa-(isoes.

111 2028 180 2097 260
205 2037 219 2094 1
254 2031 388 2111 Malle,
414 2052 475 2124 rep.
499 2032 538 2091 ad
560 2029 715 2090 ecclesiam
738 2030 771 2089 de
791 2028 920 2090 Naeslra
933 2029 1042 2090 09001000
1056 2030 1089 2090 de
1106 2031 1134 2093 la
1149 2030 1277 2114 dispuli,
1301 2032 1333 2093 in
1355 2052 1428 2093 ansa

158 2140 327 2216 amphorae.

663 2236 799 2280 APOLONl
816 2265 823 2281 .
841 2264 874 2284 0·

111 2385 196 2443 Pano
219 2380 272 2441 bol.
296 2382 330 2440 de
352 2383 381 2440 Ia
401 2379 493 2440 Aead.
518 2380 638 2441 XXVII
663 2380 742 2438 1895
766 2398 796 2455 p.
813 2379 885 2438 295.

112 2558 132 2615 2
166 2555 307 2634 Sagunti,
338 2554 370 2612 in
401 2553 501 2613 salino
530 2554 598 2613 albo
627 2551 689 2613 sive
712 2551 801 2632 pelvi,
831 2552 864 2612 in
892 2553 1026 2631 margine
1055 2550 1099 2636 (sn
1120 2576 1159 2615 un
1180 2554 1264 2614 loo-de
1285 2556 1319 2615 de
1339 2558 1428 2627 vastia

664 2699 881 2817 Q
1182 2766 1313 2825 Chabret
1333 2763 1425 2825 misit.

158 2656 277 2740 sam).

112 2941 131 2998 3
166 2938 302 3017 Sagunti,
326 2938 358 2996 in
381 2937 480 2998 astino
503 2939 580 3017 albo,
604 2937 637 2997 in
658 2939 763 2998 fundo.

728 3085 812 3199 69

155 3270 192 3328 ln
214 3269 320 3329 eodem
341 3268 437 3328 fundo
459 3273 544 3328 extra
565 3267 767 3346 scariphatum
788 3268 900 3329 circulo

715 3441 820 3485 nomm

716 3545 739 3588 0
752 3542 779 3590 Δ
798 3546 820 3587 Μ

111 3636 244 3696 Chabtet
265 3631 357 3694 misit.
400 3634 472 3692 Non
494 3632 647 3709 intellego.

112 3847 133 3907 4
166 3843 305 3924 Sagunti,
329 3842 469 3902 bordello
492 3842 591 3917 tinqja.
718 3852 820 3910 3st
1183 3843 1313 3902 Chabret
1335 3841 1425 3903 misit.

112 4095 130 4150 5
162 4089 239 4172 Ilici,
261 4090 371 4152 litteris
392 4089 520 4168 magnis.
716 4081 829 4185 sessim}
1211 4090 1313 4148 Ibam
1334 4087 1426 4147 misit.

310 4243 452 4248 ——..—
460 4242 620 4248 -—---.--
634 4240 830 4247 ---q--Q

546 4370 579 4428 a.
614 4369 835 4428 svcaasan
856 4389 886 4446 p.
906 4369 996 4429 1012.

112 4527 196 4587 4969
212 4538 237 4580 ⁴1
279 4524 459 4605 W'llafranca
491 4525 525 4584 de
555 4526 597 4585 loa
628 4526 748 4585 Barros.
802 4522 869 4583 Fila
899 4526 951 4585 607.
965 4516 1014 4584 'de
1043 4527 1072 4585 la
1101 4523 1193 4584 Aeas.
1226 4526 1315 4583 XXV
1348 4526 1428 4584 1894

269 4652 298 4709 p.
317 4633 367 4713 57,
384 4633 434 4691 24.

113 4736 196 4796 6256
225 4747 239 4788 4
269 4734 345 4794 Ilici.
390 4736 492 4795 Ibama
513 4733 680 4813 descripsit.

212 4849 240 4893 ²2
279 4839 461 4919 Wllafrnnea
489 4839 523 4898 de
551 4840 592 4898 los
621 4841 740 4899 Barros.
795 4838 863 4898 Fila
896 4839 947 4897 hol.
979 4840 1013 4897 do
1039 4841 1068 4898 la
1097 4837 1188 4899 Aead.
1223 4840 1311 4899 XXV
1347 4837 1427 4897 1894

267 4965 296 5021 p.
316 4946 364 5023 57,
384 4945 433 5002 24.

212 5059 239 5102 aa
269 5046 344 5108 Ilici.
381 5046 482 5109 Ibarra
503 5045 595 5107 misit.

212 5170 239 5212 aa
267 5150 399 5229 Hispali,
422 5152 502 5227 apud
520 5150 713 5210 Franciseum
734 5152 888 5211 Caballero
911 5153 1038 5213 Infante.
1070 5152 1137 5212 Fila
1151 5150 1191 5213 ib.
1209 5171 1238 5229 p.
1259 5153 1329 5231 160,
1350 5155 1419 5211 147.

113 5258 195 5316 6526
212 5274 240 5319 22
271 5255 450 5337 Villafraswa
466 5257 499 5314 tle
513 5256 555 5315 los
569 5257 686 5316 Barros.
722 5256 790 5315 Fila
805 5255 857 5316 bol.
875 5256 1052 5320 delaAcad.
1068 5259 1202 5319 XXVIII
1216 5260 1295 5318 1895
1312 5280 1340 5337 p.
1356 5260 1427 5317 535-
