3746 5912
593 536 680 588 vus
704 536 992 589 rrnmoouuusrs
1373 517 1447 590 453

124 726 270 787 translati
291 732 370 807 sunt,
394 747 412 785 a
435 745 484 785 me
506 724 635 785 conferri
656 726 816 805 potuerint,
840 725 963 805 plurimi
983 725 1101 786 veroin
1117 726 1275 804 campiset
1292 728 1447 793 montibus

124 831 228 909 sparsi
249 832 370 892 lateant.
415 832 466 891 Ad
486 830 619 890 laborem
644 831 725 890 hunc
753 830 906 891 difficilem
933 851 1005 892 saue
1026 841 1057 891 et
1081 831 1257 893 diuturnum
1279 832 1447 912 suscipien-

124 937 205 996 dum
227 935 280 1013 qui
302 955 335 996 se
357 935 523 1014 accingeret
549 933 691 995 inventus
713 941 758 995 est
779 938 810 996 P.
827 935 978 997 Martinus
999 936 1134 1018 Capella,
1163 938 1317 1015 presbyter
1337 940 1447 999 Braca-

125 1041 239 1120 rensis,
273 1042 424 1119 professor
455 1040 533 1117 lycei
555 1039 746 1101 Viennensis.
792 1042 871 1100 Nam
900 1060 967 1100 cum
995 1040 1027 1101 in
1056 1040 1230 1117 regionibus
1263 1042 1324 1104 illis
1357 1052 1446 1104 natus

123 1154 158 1205 st
190 1146 262 1205 inde
294 1166 312 1205 a
343 1144 473 1223 pueritia
507 1150 641 1204 versatus
673 1151 734 1204 tam
765 1152 886 1223 propter
919 1146 1018 1206 officia
1050 1146 1250 1206 ecclesiastica
1283 1167 1372 1224 quam
1406 1149 1445 1208 ob

123 1249 245 1328 patriae
275 1248 463 1326 antiquitatis
493 1268 624 1309 amorem
652 1249 718 1309 loca
744 1251 810 1327 ipsa
837 1257 867 1309 et
895 1249 1033 1310 homines
1060 1270 1162 1310 eorum
1188 1271 1298 1327 gnaros
1324 1252 1445 1330 penitus

123 1354 277 1435 novisset,
311 1375 328 1414 a
354 1354 512 1414 Francim
544 1354 672 1414 Martius
705 1357 860 1414 Sarmento
891 1356 1058 1415 studiorum
1087 1355 1152 1416 eius
1181 1355 1300 1431 generis
1328 1359 1445 1416 fautore

124 1466 254 1520 strenuo
276 1458 465 1519 institutione
488 1458 640 1520 doctrinae
663 1465 693 1518 et
713 1458 808 1539 libris,
832 1458 884 1535 qui
906 1461 964 1519 huc
987 1459 1115 1539 faciunt,
1139 1459 1303 1520 liberaliter
1325 1460 1446 1521 adiutus

124 1564 222 1624 etiam
244 1563 288 1623 rai
310 1562 517 1642 epigraphicae
532 1563 655 1623 Latinae
671 1563 771 1623 studio
794 1563 946 1623 indefesso
965 1564 1056 1624 talem
1070 1563 1130 1623 sibi
1151 1564 1266 1642 paravit
1279 1563 1443 1645 scientiam,

123 1676 161 1728 ut
184 1670 317 1728 fructum
339 1667 450 1728 laboris
471 1687 525 1745 per
546 1668 658 1727 multos
680 1688 775 1728 annos
802 1667 944 1745 protracti
970 1671 1089 1729 tandem
1115 1669 1229 1746 publici
1250 1667 1325 1729 iuris
1346 1670 1444 1728 facere

123 1778 232 1851 posset
253 1772 333 1831 edito
359 1792 455 1850 nuper
475 1770 552 1831 libro
576 1792 630 1831 suo
654 1771 813 1831 Medianas
834 1773 870 1831 do
892 1774 1066 1833 Conventus
1089 1774 1381 1849 Bracaraugustanus
1403 1795 1445 1833 aa

123 1877 277 1955 Portogol,
302 1875 434 1956 reliquias
455 1875 654 1954 d’opfqraplia
675 1896 805 1957 rontano,
836 1877 1011 1938 truslsdcdor
1032 1878 1082 1936 dor
1098 1877 1235 1955 proprios
1256 1886 1445 1939 monumentor

27 2015 30 2018 ·
123 1978 228 2064 (Porto
256 1983 346 2060 1895,
369 2001 420 2059 pp.
437 1983 499 2041 272
524 1978 578 2063 8.).
623 1981 748 2042 Librum
770 1984 864 2062 bunc,
888 2002 977 2058 quem
1000 1982 1151 2061 expectari
1176 1983 1242 2042 dixi
1262 1982 1294 2042 in
1317 1985 1445 2061 Supple-

123 2092 231 2145 mento
258 2082 298 2167 (p.
322 2083 408 2165 995),
442 2085 486 2145 lta
514 2083 572 2146 sibi
603 2087 727 2163 putabat
754 2085 945 2147 scribendum
973 2106 1052 2164 esse,
1086 2092 1121 2146 ut
1151 2087 1352 2147 conterraneis
1381 2088 1445 2148 suis

124 2189 278 2251 auxilium
300 2192 391 2250 ferret
413 2191 451 2250 ad
472 2190 573 2249 studia
594 2189 749 2266 dirigenda
776 2189 808 2249 in
837 2190 951 2268 patriae
973 2189 1161 2268 antiquitatis
1182 2190 1339 2251 universae
1361 2197 1391 2251 et
1412 2191 1445 2251 iu

124 2295 245 2355 viarum
265 2294 457 2372 potissimum
471 2297 675 2354 Romanarum
697 2293 967 2371 investigationem.
1005 2296 1093 2355 Unde
1114 2295 1268 2373 praemisit
1282 2297 1445 2357 enarratio·

125 2419 197 2458 nem
211 2399 485 2477 peregrinationum
499 2399 711 2481 frequentium,
735 2399 845 2475 quibus
859 2398 975 2458 viarum
991 2398 1181 2475 antiquarum
1198 2406 1309 2459 tractus
1324 2399 1444 2461 assidue

125 2512 249 2564 secutus
263 2503 409 2564 miliarios
423 2504 519 2564 adbuc
535 2503 710 2582 superstites
731 2503 893 2584 indagavit,
917 2503 1128 2582 inscriptiones
1143 2524 1245 2564 eorum
1263 2504 1445 2565 examinavit

126 2617 156 2668 et
179 2608 320 2687 correxit,
343 2607 449 2668 titulos
465 2627 559 2668 novos
573 2605 697 2669 invenit.
736 2608 942 2668 Emendantur
955 2607 1237 2685 investigationibus
1251 2608 1313 2671 illis
1332 2609 1445 2688 passim

125 2733 204 2791 quae
233 2734 271 2774 ex
300 2713 472 2773 auctoribus
499 2711 618 2790 urgetii
643 2713 821 2791 plerumque
847 2713 906 2772 fide
935 2712 1035 2790 dignis
1063 2720 1093 2772 et
1119 2714 1265 2775 accuratis
1294 2720 1384 2790 atque
1407 2735 1444 2775 ex

125 2819 237 2878 Barros
260 2816 360 2878 Sibelo
388 2816 521 2877 hominis
548 2816 681 2895 Hispani
708 2837 798 2895 opera
824 2816 1020 2878 tumultuaria
1042 2825 1072 2877 et
1098 2818 1271 2898 neglegenti
1293 2838 1348 2895 ego
1371 2819 1444 2879 olim

125 2921 265 3000 Kieperti
289 2921 397 2999 peritia
428 2921 551 2982 adiutus
583 2924 620 2982 de
652 2922 838 3002 singularum
865 2923 981 2982 viarum
1015 2942 1175 3000 progressu
1203 2930 1232 2983 et
1262 2923 1443 2985 stationibus

127 3027 292 3088 enucleavi.
329 3028 481 3087 Idunum
504 3027 640 3087 dolemus
663 3028 744 3104 quod
765 3027 837 3086 huic
858 3026 929 3087 libri
952 3027 1016 3087 eius
1038 3026 1118 3105 parti
1138 3026 1317 3088 utilissimae
1340 3034 1370 3088 et
1390 3030 1444 3088 ad-

126 3134 250 3192 modum
264 3131 422 3209 iucundae,
439 3152 619 3208 quamquam
633 3133 768 3194 locorum
782 3130 981 3192 indicationes
1000 3131 1107 3210 plenae
1122 3138 1238 3193 suntet
1257 3133 1441 3214 perspicuae,

125 3258 235 3316 mappa
256 3236 454 3316 geographica
481 3237 575 3315 perite
597 3235 747 3298 delineata
769 3238 865 3318 deest,
894 3237 1014 3315 qualem
1041 3256 1103 3296 nou
1124 3236 1298 3314 ignoramus
1320 3237 1442 3299 difficile

125 3342 226 3421 parari
247 3361 336 3419 posse
358 3342 395 3400 ab
417 3341 538 3403 homine
560 3342 675 3421 privato
698 3363 796 3418 neque
818 3341 851 3401 iu
866 3348 929 3403 arte
944 3363 980 3401 ea
994 3339 1166 3403 exercitato.
1203 3341 1351 3402 Miliarios
1372 3362 1442 3402 vero

126 3446 207 3525 ipsos
237 3446 281 3506 ita
311 3447 459 3506 enarravit
488 3446 624 3525 scriptor,
655 3453 690 3505 ut
717 3448 755 3506 de
783 3446 844 3506 vita
872 3445 1061 3523 singulorum
1082 3445 1294 3525 imperatorum
1322 3447 1442 3506 brevem

127 3558 321 3629 conspectum
342 3551 559 3630 praemitteret,
588 3549 696 3610 deiude
722 3557 889 3629 temporum
916 3549 1052 3611 ordinem
1074 3555 1194 3610 secutus
1216 3550 1353 3628 singulos
1373 3571 1442 3630 pro·

126 3662 251 3733 poneret
273 3662 303 3715 et
325 3654 495 3734 explicaret.
540 3655 615 3734 Ego,
638 3661 672 3714 ut
693 3675 748 3732 par
770 3661 824 3735 est,
847 3654 881 3713 in
902 3654 1037 3715 locorum
1059 3654 1195 3714 ordinem
1216 3654 1326 3733 redegi.

210 3780 238 3838 E
262 3776 399 3837 miliariis
422 3775 555 3852 quinque
577 3776 693 3836 viarum
715 3777 835 3836 illarum
857 3777 981 3837 CLXVI
1008 3777 1077 3855 plus
1104 3776 1205 3837 miuus
1232 3778 1328 3836 adhuc
1351 3775 1439 3855 notis,

129 3902 203 3959 quos
217 3881 301 3942 edidi
314 3880 347 3939 iu
362 3880 495 3960 corporis
510 3880 661 3940 volumine
683 3883 712 3940 11
735 3890 765 3940 et
786 3881 818 3940 in
841 3882 1050 3960 supplemento
1067 3880 1143 3961 eius,
1165 3882 1297 3959 Capella,
1321 3880 1441 3940 sirecte

128 3985 305 4066 computavi,
328 3987 458 4046 LXXVI
480 3987 578 4046 denuo
599 3985 758 4062 indagavit
796 3988 832 4044 In
848 3985 957 4062 quibus
972 3986 1074 4045 decem
1089 3991 1160 4044 sunt
1179 3992 1266 4045 antea
1287 3990 1349 4044 tam
1363 3986 1441 4045 male

127 4091 195 4151 lecti
215 4099 247 4150 et
268 4088 417 4170 descripti,
441 4095 476 4149 ut
498 4090 648 4150 emendati
670 4089 768 4149 denuo
790 4089 980 4168 proponendi
1001 4089 1123 4150 fuerint.
1165 4089 1228 4155 Qui
1248 4096 1362 4149 restant
1383 4088 1441 4148 cir·

129 4194 197 4254 citer
218 4197 274 4255 XC
296 4201 348 4255 aut
370 4195 503 4254 nondum
525 4196 633 4271 reperti
661 4201 732 4254 sunt
760 4201 813 4254 aut
841 4193 1020 4253 interierunt
1045 4193 1231 4271 neglegentia
1254 4200 1284 4252 et
1305 4193 1443 4253 socordia

128 4298 302 4379 incolarum,
325 4319 415 4374 quam
431 4299 554 4376 Capella
575 4306 606 4359 et
627 4297 782 4375 castigavit
805 4318 905 4358 severe
920 4304 950 4357 et
968 4297 1048 4358 idem
1069 4296 1261 4377 indulgenter
1277 4298 1439 4378 excusavit,

130 4410 180 4464 aut
201 4403 331 4480 denique
354 4410 458 4463 extant
478 4401 512 4461 iu
538 4402 711 4478 regionibus
740 4408 823 4462 extra
849 4402 1049 4478 Portugalliae
1075 4402 1150 4460 fines
1179 4401 1258 4482 sitis,
1288 4422 1362 4477 quas
1388 4402 1440 4462 ille

89 4580 91 4583 Ι
129 4526 187 4566 non
209 4508 293 4568 adiit.
337 4507 420 4567 Novi
441 4514 630 4568 accesserunt
651 4508 783 4587 XXXII,
815 4506 963 4583 equibus
989 4505 1098 4584 viginti
1123 4525 1217 4584 paene
1239 4505 1348 4582 integri
1370 4513 1441 4566 sunt

131 4606 159 4669 et
178 4614 274 4673 bonae
295 4610 406 4689 frugis3
429 4610 538 4686 reliqui
559 4613 725 4686 fragmenta
746 4616 817 4671 sunt
838 4609 939 4670 minus
960 4609 1056 4669 utilia.
1093 4611 1130 4668 In
1145 4612 1271 4669 Bracara
1293 4609 1359 4687 ipsa
1380 4610 1440 4670 iam

131 4716 208 4777 notis
230 4716 360 4777 addendi
381 4722 467 4775 eraut
487 4715 559 4774 novi
574 4714 732 4776 duodecim
751 4716 783 4775 in
797 4714 887 4775 variis
902 4713 1006 4793 oppidi
1027 4713 1162 4792 partibus
1185 4713 1296 4773 detecti
1318 4721 1348 4774 et
1371 4735 1439 4775 cum

130 4819 250 4897 reliquis
264 4820 325 4880 iam
341 4819 470 4898 expositi
490 4819 610 4899 publice
630 4819 664 4880 iu
683 4826 822 4897 querceto
845 4817 872 4902 (o
889 4815 1292 4900 paraetodasc'arvaltaras).
1327 4821 1438 4879 Eorum
1477 4884 1480 4888 ,

132 4925 186 4984 duo
211 4931 309 4987 tresve
344 4925 489 4985 debentur
518 4926 636 4984 Albano
664 4924 780 4986 Bellino
810 4924 946 5002 scriptori
974 4922 1160 5003 Bracarensi,
1193 4925 1229 4983 de
1259 4943 1319 4999 quo
1349 4942 1439 5001 supra

132 5026 191 5088 diri
210 5052 239 5108 p.
257 5032 334 5106 4013
357 5050 395 5089 ex
417 5028 470 5109 eis,
494 5028 547 5105 qui
568 5028 720 5107 pertinent
740 5031 779 5089 ad
800 5029 879 5088 viam
901 5030 1027 5088 Bracara
1048 5030 1170 5088 Portum
1191 5022 1273 5109 (Cap.
1294 5023 1334 5107 Ι),
1362 5048 1439 5087 non-

132 5133 224 5193 nullos
245 5134 437 5212 indagaverat
458 5133 519 5192 iam
534 5137 700 5213 Sarmento,
723 5132 776 5210 qui
791 5131 986 5208 antiquitates
1000 5131 1110 5209 patrias
1125 5150 1229 5191 omnes
1250 5130 1316 5208 pari
1338 5131 1438 5192 studio

134 5238 321 5314 amplectitur.
368 5240 497 5316 Operam
524 5239 659 5297 nondum
687 5238 854 5297 absolutam
883 5256 947 5297 esse
976 5237 1099 5314 Capella
1126 5236 1172 5295 vir
1201 5234 1438 5296 modestissimus
