3798 5910
474 608 475 611 ¹
549 595 725 646 avocavit
751 594 1021 646 saacvararvu.
1373 575 1444 646 309

208 765 257 823 Ex
286 766 468 843 temporibus
495 768 709 844 posterioribus
738 779 858 843 propter
884 788 981 825 rerum
1009 767 1186 825 evidentiam
1214 787 1302 825 unum
1335 776 1446 825 tanturn

122 887 235 925 anuum
259 888 286 945 p.
303 865 337 926 C.
360 866 399 925 57
423 868 528 946 selegi,
558 880 589 926 ut
610 869 678 928 inde
700 881 845 947 appareat
866 889 902 928 ne
923 872 1136 946 praetoriorum
1160 870 1275 946 quidem
1299 889 1317 927 a
1338 888 1448 928 consu-

123 971 238 1027 laribus
262 971 483 1030 distinctionem
506 982 566 1029 tum
590 974 776 1030 observatam
800 991 876 1031 esse.
924 972 1077 1031 Habemus
1101 974 1165 1030 eius
1192 974 1261 1031 auni
1290 973 1449 1030 laterculos

124 1083 201 1142 tres,
234 1091 321 1130 unum
350 1074 480 1132 locorum
511 1075 660 1147 undecim,
689 1075 812 1133 alterum
841 1088 921 1146 octo,
951 1077 1068 1133 tertium
1096 1090 1223 1150 septem3
1257 1076 1295 1132 ad
1321 1084 1447 1132 aetatem

124 1175 313 1232 consularem
335 1177 434 1233 exacti
458 1177 533 1234 hauc
554 1177 681 1235 sormam
704 1178 820 1235 habent.

280 1311 315 1369 P.
341 1313 495 1371 Memmius
517 1312 650 1391 Regulus
845 1332 906 1372 cos.
930 1315 1042 1372 aas:
1212 1313 1230 1370 8
1275 1314 1292 1371 6
1336 1314 1354 1371 2
1418 1304 1423 1310 ⁵

281 1412 432 1490 Sulpicius
454 1398 631 1473 Camerinus
846 1434 907 1474 cos.
931 1416 1044 1473 add:
1213 1414 1229 1471 2
1275 1417 1292 1471 4
1336 1416 1353 1472 6

283 1520 318 1572 A.
343 1517 482 1575 Vitellius
846 1519 1043 1576 casalli:
1213 1519 1230 1576 6
1276 1515 1292 1573 2
1339 1519 1355 1574 7

282 1619 412 1676 Faustus
435 1617 594 1678 Cornelius
617 1618 702 1679 Sulla
723 1620 812 1678 Felix
845 1639 906 1677 cos.
930 1621 1042 1677 a.5a:
1213 1622 1229 1674 3
1276 1622 1292 1677 3
1319 1654 1355 1661 —

283 1720 317 1779 L.
342 1719 461 1780 Salvius
484 1722 564 1780 Otho
587 1722 725 1781 Titianus
844 1742 905 1780 cos.
929 1742 956 1779 6.
973 1722 1011 1779 52
1037 1742 1043 1777 r
1213 1722 1229 1776 7
1255 1754 1292 1763 -
1317 1754 1354 1763 -

282 1822 318 1880 L.
342 1823 415 1881 Piso
845 1842 907 1882 eos.
931 1846 957 1881 a.
974 1825 1012 1882 57
1036 1844 1043 1879 :
1213 1822 1231 1879 9
1256 1856 1293 1864 -
1319 1855 1355 1864 -

283 1923 316 1983 C.
339 1924 412 1982 Piso
843 1944 905 1983 cos.
927 1928 1059 1983 aino:
1214 1928 1232 1984 5
1277 1926 1294 1983 5
1339 1925 1356 1980 t

282 2028 321 2084 Μ.
346 2028 481 2103 Aponius
504 2025 681 2085 Saturninos
843 2046 903 2086 cos.
926 2049 952 2085 a.
976 2020 1097 2084 iuc.:'
1172 2031 1228 2099 Ι11
1278 2026 1294 2082 7
1340 2028 1358 2084 b

283 2130 321 2187 M.
338 2113 478 2188 Valerius
502 2130 645 2187 Messalla
666 2128 815 2187 Corvinus
839 2149 899 2187 cos.
922 2131 983 2188 des.
1006 2131 1034 2186 iu
1049 2149 1084 2186 a.
1102 2130 1171 2188 58:
1220 2116 1244 2185 l'
1282 2133 1293 2185 1
1344 2130 1354 2183 1
1419 2196 1421 2201 ,

279 2232 318 2297 T.
343 2230 464 2291 Sextius
487 2234 646 2291 Africanus
841 2234 1037 2309 praetorius:
1216 2234 1235 2289 4
1278 2230 1296 2288 8
1342 2231 1358 2288 3

285 2334 321 2390 M.
346 2332 466 2393 Salvius
489 2334 568 2393 Otho
844 2335 1010 2410 praetorius
1033 2354 1040 2390 ι
1198 2334 1236 2390 10
1260 2366 1296 2427 Τ
1322 2365 1359 2375 -

123 2471 189 2528 Iam
221 2481 254 2528 ut
280 2489 425 2529 summam
451 2472 494 2529 rei
522 2472 760 2547 complectamur,
789 2474 817 2528 iu
841 2472 1044 2530 sacerdotibus
1071 2470 1243 2528 ordinandis
1271 2482 1339 2545 post
1361 2473 1453 2546 magi·

124 2586 240 2639 strum,
275 2573 322 2631 ubi
351 2575 378 2630 is
405 2593 466 2632 non
496 2575 672 2651 praeteritur
702 2574 749 2650 (ut
774 2574 808 2631 fit
833 2575 863 2631 in
889 2576 964 2632 actis
987 2593 1012 2631 a.
1035 2573 1093 2649 14),
1120 2573 1156 2630 ad
1183 2572 1300 2630 domurn
1328 2573 1453 2649 impera·

125 2676 237 2734 teriam
260 2677 310 2751 qui
333 2676 481 2753 pertinent
502 2695 619 2755 semper
641 2678 736 2754 primo
758 2676 824 2733 loco
847 2677 1045 2734 nominantur.
1085 2675 1121 2733 In
1144 2675 1267 2750 privatis
1291 2675 1345 2732 sub
1370 2674 1454 2732 Iuliis

124 2778 360 2855 imperatoribus
387 2779 539 2855 dignitatis
569 2779 680 2857 gradus
706 2798 759 2837 nec
787 2778 872 2854 plane
899 2779 1066 2857 neglegitur
1087 2797 1182 2854 neque
1204 2777 1294 2835 anxie
1316 2777 1454 2835 observa·

125 2892 181 2937 tur.
223 2878 436 2939 Consularium
458 2882 608 2959 separatio
630 2900 649 2938 a
670 2882 827 2958 praetoriis
850 2881 887 2938 ad
909 2878 977 2939 Gaii
1001 2882 1157 2958 imperium
1179 2889 1293 2937 retenta
1313 2890 1372 2947 est,
1402 2880 1454 2936 im·

125 2994 254 3059 perante
281 2981 400 3040 Nerone
426 2984 549 3060 insuper
579 2984 693 3053 habita,
721 2983 943 3060 poterimusque
970 2984 1008 3041 ad
1037 2983 1089 3040 illa
1118 3001 1211 3058 usque
1238 2990 1372 3058 tempora
1401 2983 1456 3038 bac

125 3085 193 3161 lege
221 3103 289 3141 cum
318 3086 418 3160 aliqua
444 3085 553 3144 fiducia
579 3088 630 3145 uti.
684 3086 766 3145 luter
794 3086 966 3145 consulares
995 3086 1120 3163 primum
1148 3085 1245 3143 locum
1274 3084 1456 3142 66666166-

126 3186 269 3263 signatus
290 3188 379 3245 etiam
407 3189 463 3246 sub
485 3186 606 3246 Nerone
633 3188 772 3261 obtinuit,
799 3189 921 3247 omuino
948 3197 1119 3264 propterea,
1146 3186 1225 3263 quod
1247 3187 1294 3245 ius
1316 3187 1404 3243 habet
1425 3187 1456 3243 iu

125 3299 237 3347 senatu
266 3291 429 3348 sententiae
461 3291 574 3367 primae
606 3290 797 3365 (Stactarecbt
818 3292 851 3362 3,
875 3292 935 3349 973
951 3290 1038 3366 seq.).
1088 3290 1137 3348 Ad
1164 3289 1356 3366 magistratus
1384 3299 1456 3346 tem·

127 3411 204 3467 pora
229 3392 355 3450 Arvales
378 3394 551 3452 consulares
573 3404 765 3452 recensentur
790 3394 819 3450 in
842 3395 915 3451 actis
941 3393 1063 3469 scriptis
1090 3411 1169 3450 anno
1190 3412 1218 3469 p.
1234 3390 1309 3451 ‘Cha
1333 3393 1383 3462 143
1405 3391 1456 3449 sed

127 3494 158 3551 id
186 3514 227 3553 ue
256 3514 292 3552 ea
318 3494 437 3570 quidem
465 3505 561 3553 aetate
586 3505 758 3555 constanter
780 3497 968 3554 observatum
990 3513 1059 3555 esse
1081 3505 1149 3553 acta
1170 3495 1335 3553 saecularia
1359 3493 1456 3551 decla·

128 3606 197 3655 rant
221 3596 330 3674 (supra
351 3618 380 3674 p.
397 3597 481 3672 243).
525 3596 588 3657 Sub
613 3598 736 3656 Tiberio
757 3609 787 3658 et
808 3596 886 3657 Gaio
907 3599 1056 3656 contraria
1077 3598 1259 3656 consuetudo
1282 3596 1404 3664 obtinet,
1426 3594 1456 3651 in

128 3717 190 3774 qua
214 3719 285 3757 num
308 3699 467 3777 privilegia
488 3700 615 3776 exempli
636 3718 728 3758 causa
742 3701 902 3758 liberorum
919 3700 970 3776 (cf.
987 3699 1166 3759 Stactsreclit
1190 3697 1237 3767 1³,
1254 3698 1307 3773 41)
1330 3697 1456 3771 aliquem

130 3801 229 3859 locum
253 3812 383 3875 teneant,
405 3804 572 3878 quaeritur3
595 3814 673 3862 certe
695 3805 829 3861 ordinem
851 3802 1035 3873 sollemnem,
1057 3822 1143 3879 quem
1166 3809 1233 3860 acta
1254 3821 1280 3857 a.
1298 3799 1335 3860 38
1359 3798 1457 3855 decla·

130 3914 209 3975 rant,
233 3905 336 3963 eadem
361 3915 526 3965 monstrant
546 3925 637 3983 saepe
662 3906 828 3983 neglectum
850 3924 927 3965 esse.
965 3908 994 3964 A
1014 3902 1145 3964 Neronis
1168 3904 1235 3962 inde
1257 3913 1388 3980 tempore
1411 3919 1457 3959 sa-

131 4009 271 4066 cerdotes
293 4009 402 4085 privati
425 4009 490 4067 sine
511 4010 614 4068 ordine
637 4020 718 4068 certo
741 4009 800 4066 ullo
822 4018 1018 4067 recensentur.
1102 4088 1105 4095 Ι

1165 4199 1224 4258 Ta.
1247 4199 1417 4257 Mouusan.
