3798 5910
454 477 526 548 aus
652 436 658 449 ’

655 704 704 779 (ο.
723 705 776 776 vr,
800 705 922 781 auris)

495 827 544 901 [Τ.
568 824 726 898 Quinctius
750 824 918 903 Crispinus]
943 826 1121 884 Valerianus

496 929 530 986 L.
554 926 697 986 Caninius
721 927 827 987 Gallus
850 948 910 987 cos.
933 948 960 985 a.
977 949 1005 986 u.
1021 949 1045 985 c.
1061 927 1141 986 tta?

538 1172 614 1227 sea
635 1186 661 1225 a.
679 1166 735 1225 aa
758 1166 1038 1242 (c.t⁷1‚uoaca)=
1096 1124 1100 1131 ¹

495 1305 542 1381 [L.
567 1303 724 1379 Caninius]
747 1304 855 1365 Gallus
878 1323 938 1363 cos.
963 1325 988 1362 a.
1007 1327 1033 1363 u.
1050 1325 1074 1362 c.
1093 1303 1173 1363 7321
1349 1305 1460 1364 Fabius
1484 1305 1648 1380 [Persicus]

496 1407 633 1482 [Paullus
657 1406 783 1482 Fab]ins
805 1407 945 1466 Persicus
968 1426 1028 1466 cos.
1052 1427 1078 1465 a.
1095 1407 1134 1463 34

496 1507 550 1568 Cn.
573 1508 724 1567 Domitius
746 1527 808 1568 cos.
831 1529 857 1566 a.
874 1508 913 1566 32
1346 1508 1382 1566 L.
1406 1508 1550 1567 Caninius
1574 1508 1680 1569 Gallus

1351 1609 1406 1673 Co.
1430 1611 1580 1669 Domitius

538 1735 613 1790 Acta
634 1751 660 1790 a.
678 1732 716 1790 33
740 1751 833 1809 paene
849 1732 936 1808 plena
955 1740 1074 1790 servata
1094 1731 1221 1808 ideoque
1246 1733 1275 1789 in
1304 1732 1358 1788 bac
1383 1750 1501 1808 quoque
1522 1733 1698 1807 quaestione
1720 1732 1776 1788 uti·

454 1836 571 1894 lissima
592 1835 765 1893 consulares
786 1836 919 1910 quinque
941 1834 1105 1903 nominant,
1127 1836 1178 1910 qui
1200 1834 1383 1893 collocantur
1405 1835 1460 1891 sicr

498 1940 553 2013 Ap.
577 1937 679 1994 lunius
703 1935 823 1997 Silanus
846 1955 906 1994 cos.
929 1956 955 1994 a.
973 1936 1027 2007 28,
1056 1954 1201 2011 nusquam
1228 1936 1294 1993 loco
1321 1937 1431 2014 primo,
1459 1935 1523 1994 loco
1552 1937 1681 1994 secundo
1708 1947 1779 2012 post

608 2036 766 2096 Camillum
789 2040 835 2097 bis
857 2040 887 2114 (c
908 2037 957 2096 37.
981 2040 1002 2095 d
1026 2038 1066 2112 1),
1088 2037 1163 2095 locis
1186 2038 1307 2114 reliquis
1329 2038 1358 2112 (o
1388 2040 1434 2096 14.
1458 2038 1507 2095 20.
1531 2038 1578 2096 28.
1612 2039 1633 2094 d
1657 2038 1701 2095 17.
1727 2039 1776 2095 23.

607 2140 654 2199 28.
671 2142 720 2199 34.
746 2159 761 2198 e
783 2140 815 2216 3)
839 2149 907 2216 post
929 2141 1104 2199 consulares
1126 2139 1203 2197 inira
1225 2141 1392 2199 nominatos
1415 2157 1530 2211 omnes,
1556 2150 1701 2216 quatenus
1724 2140 1776 2197 ad·

608 2251 685 2314 sunt,

495 2344 531 2402 P.
555 2344 710 2403 Memmius
732 2344 866 2420 Regulus
889 2363 949 2404 cos.
972 2363 999 2402 a.
1017 2347 1051 2404 31
1079 2345 1247 2403 nominatus
1270 2344 1361 2403 semel
1389 2352 1501 2402 tantum
1529 2363 1544 2401 e
1566 2346 1584 2400 4
1611 2353 1681 2420 post
1707 2362 1778 2402 con·

608 2447 722 2505 sulares
745 2447 883 2523 reliquos,

496 2547 550 2607 Cn.
576 2548 728 2607 Domitius
751 2549 968 2608 Ahenobarbus
990 2568 1051 2608 cos.
1074 2568 1101 2606 a
1118 2549 1157 2607 32
1183 2566 1328 2624 nusquam
1355 2549 1421 2608 loco
1448 2548 1559 2626 primo,
1588 2558 1657 2623 post
1678 2548 1778 2606 Persi·

609 2670 674 2709 cum
698 2652 880 2727 plerumque,
903 2661 972 2726 post
994 2649 1152 2710 Camillum
1175 2661 1206 2709 et
1227 2650 1362 2713 Silanum
1386 2651 1478 2708 semel
1500 2651 1536 2724 (d
1558 2651 1598 2725 1),

498 2753 539 2811 M.
561 2752 671 2810 Furius
694 2751 842 2811 Camillus
863 2771 920 2811 cos.
944 2773 971 2811 a.
989 2753 1026 2813 32
1050 2753 1116 2811 loco
1143 2751 1238 2827 primo
1265 2754 1310 2811 bis
1325 2750 1366 2827 '(c
1388 2753 1437 2811 37.
1469 2754 1490 2810 d
1513 2755 1558 2828 l),
1583 2761 1652 2828 post
1678 2751 1776 2811 Persi·
1877 2740 1878 2797 l

540 2833 546 2844 .
606 2873 672 2913 cnm
696 2867 725 2912 et
748 2854 979 2913 Ahenobarbum
1002 2856 1184 2931 plerumque,

497 2956 622 3015 Paullus
643 2956 756 3014 Fabius
778 2956 918 3016 Persicus
939 2975 1000 3016 cos.
1023 2977 1050 3015 a.
1067 2960 1105 3018 34
1135 2958 1201 3016 loco
1226 2958 1324 3034 primo
1350 2957 1523 3032 plerumque
1551 2956 1585 3030 (a
1610 2957 1657 3013 14.
1690 2956 1706 3013 b
1730 2957 1774 3013 lu.

608 3078 623 3117 o
645 3058 673 3116 3.
700 3059 745 3117 13.
770 3059 817 3117 20.
842 3058 890 3117 27.
928 3062 949 3117 d
973 3062 1019 3118 ll.
1055 3080 1069 3118 e
1091 3059 1134 3133 9),
1157 3080 1173 3116 e
1195 3059 1342 3117 contrario
1364 3067 1434 3137 post
1455 3058 1584 3134 reliquos
1605 3057 1776 3116 consulares

607 3161 657 3236 qui
680 3161 895 3220 adsuntndi.
932 3161 1002 3220 ἀ2.

456 3296 637 3356 Consulares
664 3300 695 3357 hi
722 3318 840 3375 semper
869 3301 1025 3374 praetoriis
1054 3311 1275 3375 praeponuntur
1300 3308 1330 3356 et
1358 3299 1415 3375 ipsi
1444 3318 1562 3375 quoque
1589 3297 1775 3374 aliquatenus

456 3409 537 3458 certo
559 3400 661 3458 ordine
679 3402 855 3481 procedunt,
880 3413 910 3461 ut
932 3404 1045 3479 primns
1067 3404 1106 3460 sit
1127 3404 1298 3479 plerumque
1315 3401 1464 3473 Persicus,
1488 3401 1635 3459 secundus
1658 3400 1776 3456 Aheno-

456 3502 575 3574 barbus,
603 3504 707 3561 tertius
731 3503 889 3576 Camillus,
919 3514 1041 3582 quartus
1065 3502 1201 3574 Silanus3
1227 3504 1279 3563 sed
1301 3505 1327 3562 is
1348 3503 1421 3561 ordo
1443 3522 1539 3579 neque
1561 3509 1686 3560 aetatem
1708 3519 1774 3557 con-

457 3605 582 3662 sularem
606 3605 738 3680 sequitur
760 3616 787 3664 et
809 3625 1019 3681 saepenumero
1040 3608 1162 3683 insuper
1184 3607 1318 3664 babetur.
1365 3605 1492 3664 Arvales
1513 3624 1571 3662 non
1594 3604 1775 3670 consulares,

456 3708 506 3782 qui
529 3716 598 3764 sunt
619 3726 741 3765 numero
762 3719 902 3785 quattuor
923 3718 953 3767 et
973 3729 1042 3768 raro
1065 3720 1275 3779 memorantur,
1298 3707 1333 3767 C.
1356 3706 1486 3767 Caecina
1507 3705 1636 3785 Largus,
1659 3706 1775 3764 Taurus

457 3807 594 3866 Statilius
611 3807 768 3880 Corvinus,
791 3809 828 3867 L.
844 3812 962 3869 Annius
976 3810 1160 3884 Vinicianus,
1183 3809 1218 3870 C.
1237 3809 1418 3887 Calpurnius
1437 3810 1511 3868 Piso
1534 3818 1674 3884 poterunt
1694 3826 1774 3865 revo

456 3911 517 3968 cari
540 3910 578 3967 ad
600 3911 731 3969 ordinem
754 3912 886 3987 parilem.

539 4014 618 4070 Acta
643 4014 711 4070 anni
736 4014 774 4070 40
800 4033 865 4071 cum
895 4016 1065 4074 sacerdotes
1092 4016 1142 4091 qui
1165 4015 1315 4073 adfuerint
1340 4021 1513 4072 recenseant
1534 4023 1593 4085 ter,
1626 4013 1703 4070 inter
1723 4012 1774 4069 bos
1877 4064 1878 4087 p

457 4114 623 4174 consularis
646 4123 693 4173 est
714 4115 827 4186 nullus,
849 4116 977 4174 fortasse
1000 4138 1057 4176 non
1079 4137 1165 4189 casu,
1193 4117 1243 4174 sed
1267 4125 1388 4192 propter
1408 4115 1595 4191 imperatoris
1617 4114 1773 4171 iuvenilem

457 4218 713 4292 intemperantiam
729 4218 793 4275 sine
808 4218 899 4276 dubio
918 4220 948 4276 in
964 4220 1060 4296 epulis
1075 4220 1186 4278 talibus
1201 4220 1392 4294 conspicuam
1408 4229 1438 4276 et
1451 4217 1637 4295 gravioribus
1653 4216 1773 4292 collegis
1877 4242 1878 4291 7

457 4319 621 4377 molestam.
666 4316 723 4390 Qui
748 4320 859 4377 adsunt
879 4330 1068 4379 recensentur
1089 4321 1192 4379 ordine
1215 4330 1296 4379 certo
1319 4320 1416 4378 nullo:

520 4484 526 4497 .
551 4482 557 4495 .
581 4457 615 4497 us
915 4438 949 4499 C.
966 4439 1079 4499 Caesar
1094 4442 1173 4517 Aug.
1197 4439 1320 4500 Germa·
1372 4438 1408 4499 C.
1432 4437 1564 4499 Caecina
1585 4438 1701 4514 Largus

458 4543 497 4599 M.
520 4540 640 4599 Silanus
664 4540 738 4614 (cos.
754 4561 781 4598 a.
797 4541 851 4615 46)
957 4543 1038 4600 nicus
1373 4543 1413 4599 M.
1437 4540 1559 4601 Silanus

457 4641 492 4702 C.
510 4641 640 4701 Caecina
651 4641 769 4718 Largus
785 4643 862 4716 (cos.
915 4641 949 4701 C.
973 4641 1102 4702 Caecina
1123 4642 1240 4720 Largus
1371 4642 1408 4700 L.
1430 4642 1546 4701 Annius
1562 4642 1734 4700 Vinicianus

499 4765 525 4802 a.
541 4744 595 4820 42)
915 4746 1034 4803 Taurus
1072 4744 1209 4807 Statilius
1246 4744 1320 4804 Cor·
1371 4743 1405 4803 C.
1430 4742 1610 4821 Calpurnius
1634 4744 1705 4802 Piso

457 4847 576 4905 Taurus
613 4844 751 4905 Statilius
789 4843 863 4903 Cor·
957 4849 1043 4906 riuus

500 4950 588 5007 vinus
610 4948 683 5023 (cos.
706 4967 732 5005 a.
750 4947 804 5022 tt)
915 4947 952 5007 L.
976 4951 1093 5008 Annius
1109 4949 1284 5009 Vinicianus

916 5048 950 5109 C.
975 5050 1157 5126 Calpurnius
1181 5052 1252 5109 Piso

917 5153 956 5209 M.
981 5151 1101 5212 Silanus
