3746 5912
1006 525 1212 576 Aversmvri

848 826 1117 894 OONVENTVS
1146 826 1369 894 LVOENSIS.

788 1009 810 1065 1.
842 1007 989 1066 orrum
1012 1006 1156 1065 venus
1179 1006 1286 1065 nssun
1308 1026 1336 1083 p.
1356 1007 1428 1066 scs.

453 1158 518 1227 283
550 1164 642 1223 Scuto
665 1162 767 1221 Μανία
787 1162 821 1220 dc
846 1161 941 1220 Trilee
962 1161 1041 1221 inter
1067 1161 1171 1220 Oreuec
1193 1169 1224 1221 et
1245 1161 1428 1240 Pcnfmada
1449 1161 1626 1240 Celleeciee,
1652 1183 1713 1241 rep.
1739 1183 1767 1219 e.

501 1270 579 1327 1894
604 1267 636 1326 in
659 1267 781 1344 praedio
804 1268 891 1326 Scuto
913 1267 948 1325 do
969 1264 1087 1326 Podroc
1109 1265 1251 1325 Iohannis
1274 1269 1386 1325 (lemen
1408 1269 1528 1346 Nufiee,
1558 1266 1666 1344 cippus
1687 1266 1770 1325 altus

496 1393 534 1431 m.
561 1374 643 1450 052,
665 1372 745 1432 letus
769 1373 852 1451 (ΒΑΘ,
875 1370 984 1430 litteris
1006 1370 1094 1430 bonis
1117 1373 1224 1430 secel
1247 1370 1393 1430 exeuntis.

976 1645 1163 1689 rorrrrrvs
1199 1647 1236 1689 ur

977 1751 1237 1794 usurus-smne

976 1853 1235 1897 uorscrrrucr

976 1960 1014 2016 Q
1041 1958 1170 2001 norro
1208 1958 1236 1999 u

927 2069 940 2107 s
976 2062 1066 2106 costr
1086 2064 1129 2104 ru
1151 2063 1237 2106 χχχιι

1034 2168 1055 2209 u
1099 2168 1115 2211 s
1159 2168 1175 2209 ε

452 2430 519 2489 Fite
541 2430 593 2487 bol.
610 2428 642 2486 de
659 2427 688 2486 lo
704 2427 792 2486 Acori.
809 2429 942 2487 XXVIII
959 2429 1039 2487 1896
1063 2448 1092 2505 p.
1111 2429 1171 2486 522
1195 2425 1376 2503 descriptam
1397 2446 1415 2484 e
1436 2426 1501 2485 Ich.
1519 2428 1634 2486 (lomes
1649 2427 1766 2503 Nurier,

453 2532 506 2610 qui
527 2533 656 2591 affirmet
677 2530 837 2591 lectionem
859 2538 970 2591 certem
992 2550 1058 2591 esse
1080 2540 1249 2609 punctoque
1272 2530 1373 2590 omnio
1394 2531 1529 2590 delicere.

494 2639 532 2696 V.
549 2639 567 2695 4
583 2634 625 2695 in.
648 2640 750 2694 utrum
773 2653 859 2708 Qun
882 2652 901 2694 c
921 2634 1083 2710 legendum
1105 2654 1167 2693 non
1189 2635 1263 2694 setis
1284 2642 1416 2713 appetet.

495 2740 672 2814 Legendum
692 2736 833 2814 Pop-’uim
851 2737 987 2798 Hirrum
1001 2734 1111 2819 Floolr')
1127 2739 1282 2797 Necndr‘eei
1297 2771 1338 2781 -
1361 2746 1413 2797 eut
1428 2736 1546 2796 Flom'nc
1561 2731 1705 2797 m?
1723 2770 1764 2781 -

443 2838 561 2924 slils'ru)
584 2837 761 2922 Lonciqlrcn)
784 2842 864 2900 donw
893 2842 1011 2902 Vacoecr'
1029 2838 1188 2923 an(corum)
1210 2842 1341 2901 XXXII
1357 2840 1383 2901 h.
1401 2862 1423 2901 c.
1441 2861 1462 2900 e.

494 2945 603 3006 Mettis
624 2966 734 3006 nomen
756 2978 799 2992 -
821 2945 941 3005 Flauiae
969 2966 1022 3023 pro
1046 2945 1183 3005 Flucinae
1204 2978 1248 2990 —
1268 2945 1396 3006 iudicari
1419 2965 1601 3021 quemquem
1629 2946 1764 3005 insolens

453 3060 512 3130 est,
536 3058 636 3110 temen
658 3049 723 3110 fieri
743 3050 843 3128 potuit
864 3058 898 3110 ut
920 3058 999 3110 certe
1021 3052 1058 3109 de
1081 3070 1170 3109 ceuse
1191 3050 1374 3110 indicaretur
1396 3056 1501 3109 contre
1522 3069 1620 3109 usum.
1666 3050 1763 3109 Nem-

453 3157 545 3214 dc'ccue
566 3174 733 3231 cognomen
761 3154 854 3231 petris
881 3161 933 3213 ent
960 3153 1103 3213 Andiecue
1128 3153 1178 3213 evi
1202 3154 1330 3213 materni
1356 3153 1561 3232 peregrinum,
1590 3173 1658 3212 cum
1684 3153 1762 3211 lilius

453 3261 513 3318 duo
536 3259 659 3318 nomine
681 3260 816 3319 Romane
842 3267 973 3336 gereret,
1001 3257 1076 3317 mihi
1096 3278 1208 3317 norum
1230 3266 1288 3333 est3
1319 3259 1429 3317 adsunt
1455 3255 1594 3316 Arrdcc'tr'c
1616 3256 1764 3333 Andwpur

453 3363 582 3422 men
604 3369 635 3420 et
655 3362 750 3422 mullo
771 3361 804 3420 in
826 3382 906 3422 cecrrc
928 3382 990 3421 cero
1012 3362 1189 3422 desinentia.
1239 3363 1285 3419 De
1308 3360 1420 3420 Lencie
1445 3363 1501 3420 hec
1527 3360 1674 3420 Lusitano
1699 3361 1762 3420 dixi

453 3468 491 3526 ed
511 3468 541 3525 Il
565 3470 635 3526 760.
658 3468 751 3525 5261.
797 3468 1001 3526 Vccoecorum
1022 3465 1120 3543 gentis
1141 3464 1283 3543 populive
1305 3484 1415 3525 nomen
1436 3465 1509 3524 item
1531 3484 1644 3524 novum
1666 3473 1719 3523 est

848 3823 1116 3890 coanNTvs
1143 3823 1366 3890 ASTVRVM.

726 4023 778 4081 IV.
813 4020 994 4080 ASTVRES
1016 4020 1345 4079 TRANSMONTANI
1367 4041 1397 4097 p.
1414 4021 1486 4079 919.

538 4179 575 4236 ln
597 4164 737 4237 Asturiee
758 4178 881 4254 regione
903 4175 1053 4235 maritime
1075 4174 1204 4235 menime
1225 4194 1328 4236 versus
1342 4177 1528 4235 occidentem
1550 4175 1617 4253 site,
1643 4177 1761 4249 concq‘or

453 4281 487 4338 de
508 4280 549 4340 El
569 4280 682 4339 Franco
704 4289 734 4340 et
759 4281 858 4359 Tapro,
881 4281 962 4339 unde
984 4280 1120 4339 nondum
1141 4278 1303 4356 quicquum
1323 4278 1438 4357 prodiit
1458 4279 1615 4339 titulorum
1636 4279 1761 4356 inscrip-

453 4393 566 4463 torum,
595 4403 691 4463 nuper
719 4385 851 4443 devectae
877 4390 948 4443 sunt
973 4382 1186 4461 inscriptiones
1212 4403 1265 4444 sex
1292 4384 1436 4463 Ibericee,
1467 4403 1505 4442 ex
1530 4392 1616 4460 perte
1642 4383 1677 4441 in
1697 4382 1761 4441 vire

453 4509 536 4567 rupe,
551 4487 584 4546 in
600 4487 697 4564 cippis
712 4487 837 4547 rudibus
852 4487 937 4547 eliae.
975 4487 1088 4565 Accepi
1106 4486 1253 4564 imegines
1266 4489 1487 4568 photogrephes
1502 4495 1532 4546 et
1546 4486 1760 4547 delineationes

454 4593 548 4651 lactes
571 4612 639 4652 cum
661 4611 732 4651 cure
754 4612 772 4650 e
792 4591 970 4650 Marcellino
993 4592 1173 4671 Feruendeu
1197 4594 1364 4670 professore
1391 4592 1424 4650 in
1450 4590 1590 4651 instituto
1613 4590 1758 4669 Trpimsi,

453 4695 588 4773 mihique
610 4695 718 4756 misses
739 4694 873 4755 officiose
896 4716 913 4753 e
935 4694 1086 4755 loschimo
1108 4699 1200 4756 coste
1221 4696 1317 4756 emico
1339 4695 1519 4756 Matritensi.
1556 4697 1640 4754 Dum
1661 4703 1761 4773 ectypo

453 4808 592 4880 expecto,
620 4820 696 4876 qnee
723 4798 802 4878 typis
828 4799 880 4858 vix
906 4799 1035 4876 exprimi
1056 4808 1199 4877 poterunt
1219 4833 1263 4844 —
1284 4799 1397 4859 similes
1426 4800 1507 4858 enim
1528 4808 1600 4858 sunt
1622 4821 1660 4859 ex
1682 4806 1759 4876 perte

453 4904 551 4965 titulis
573 4904 697 4964 Ibericis
719 4923 756 4962 ex
778 4902 936 4963 Lusitania
956 4904 1147 4964 meridionali
1169 4903 1253 4984 (ΜΗ
1273 4924 1303 4964 n.
1326 4901 1580 4983 LXII—LXXV)
1606 4935 1655 4981 -,
1682 4904 1760 4961 iuret

452 5009 502 5067 hic
527 5010 646 5069 brevem
677 5008 859 5068 mentionem
885 5006 993 5067 fecisse
1025 5016 1288 5069 monumentorum
1320 5009 1481 5069 admodum
1513 5007 1757 5083 memorabilium,

454 5131 530 5189 qnee
557 5118 630 5189 quot
656 5112 722 5171 eius
748 5111 867 5189 generis
892 5113 1018 5172 fortusse
1046 5113 1142 5172 adhuc
1170 5113 1284 5172 lateant
1310 5112 1343 5172 in
1367 5110 1652 5190 septentrionalibus
1672 5129 1760 5188 peen-

453 5216 569 5276 insulee
592 5214 765 5292 regionibus
787 5214 926 5276 videntur
947 5214 1089 5275 indicere.
