3768 5912
450 1543 539 1655 ΙΠ.
584 1542 1108 1667 TARRAOONENSIS.

120 1944 243 2086 Quae
279 2018 318 2076 ad
352 2016 567 2094 Portugalliam
604 2018 867 2097 septentrionalem
900 2017 1051 2098 pertinent
1084 2017 1222 2094 regiones
1260 2018 1434 2100 Callaeciae,

118 2120 300 2181 Francisous
320 2117 449 2181 Martius
471 2123 627 2181 sarmento
650 2141 856 2183 summanum
879 2142 949 2183 eura
969 2121 1169 2200 pervestigare
1195 2122 1293 2199 pergit
1317 2123 1438 2182 adiutus

119 2245 216 2303 nuper
239 2226 277 2285 ab
297 2224 402 2285 amieis
423 2225 547 2304 aliquot,
571 2226 689 2286 Albano
704 2226 821 2285 Bellino
844 2233 874 2286 et
894 2228 927 2287 P.
944 2226 1075 2287 Martino
1091 2225 1228 2305 Capella,
1252 2227 1288 2285 de
1310 2247 1437 2302 quornm

120 2329 237 2389 meritis
261 2329 374 2388 dicetur
396 2328 483 2389 inira.
529 2329 676 2405 Reliquae
697 2329 868 2407 provinciae
890 2336 991 2391 vastae
1013 2329 1151 2408 regiones
1172 2350 1225 2409 per
1246 2332 1278 2390 P.
1302 2330 1437 2391 Fidelem

120 2433 187 2492 lita
216 2431 412 2510 potissimum
444 2432 569 2510 eiusque
602 2433 712 2494 amieos
744 2433 976 2514 inseriptionum
1008 2434 1184 2495 Latinarum
1217 2453 1306 2494 nausa
1338 2437 1437 2495 denuo

121 2537 294 2615 exploratae
316 2543 396 2597 sunt.

380 2808 650 2897 conventus
680 2808 1186 2900 Balclnlvuvslnnvs

534 3025 558 3084 1.
589 3026 738 3085 omma
758 3024 889 3085 varus
910 3048 939 3106 p.
958 3025 1029 3086 eor.

125 3217 154 3258 n.
170 3198 266 3257 2395.
290 3198 374 3258 2396
396 3195 515 3257 Titulos
535 3197 743 3259 memorabiles
764 3199 797 3260 in
814 3199 938 3260 Peneios
959 3218 1053 3278 prope
1074 3198 1151 3260 Vallo
1165 3198 1246 3278 Real,
1271 3201 1308 3258 de
1330 3196 1440 3274 quibus

166 3302 226 3361 iam
249 3321 340 3380 snpra
360 3300 394 3360 in
416 3303 631 3381 Supplemento
652 3305 743 3364 verba
765 3306 864 3364 denuo
886 3304 958 3382 leni,
988 3303 1086 3363 adhue
1107 3310 1206 3362 extare
1227 3302 1371 3362 indicavit
1391 3303 1440 3362 Io-

168 3408 279 3485 sephus
304 3403 388 3465 Leite
417 3405 454 3464 de
475 3407 687 3469 Vaseonoellos
708 3408 824 3469 Reoisto
851 3406 1042 3486 aroheoloqs'ea
1063 3406 1093 3466 Π
1117 3407 1198 3468 1888
1221 3427 1250 3485 p.
1273 3411 1322 3466 59.
1347 3409 1387 3466 69
1411 3416 1441 3466 et

168 3509 381 3589 oAroheoloqo
406 3509 563 3590 Portuputa
583 3513 600 3573 I
624 3514 705 3574 1895
728 3533 758 3592 p.
780 3515 835 3593 38,
864 3512 917 3589 qui
943 3513 1043 3572 lorum
1069 3510 1191 3572 visitare
1220 3512 1316 3586 deque
1343 3509 1441 3570 titulis

169 3623 304 3675 aoourate
325 3618 435 3675 referre
459 3615 517 3675 sibi
538 3616 703 3696 proposuit.

132 3835 191 3902 1⁰⁶1
213 3840 266 3923 (=
281 3843 375 3902 2399.
399 3843 476 3902 Add.
491 3863 522 3920 p.
538 3839 647 3922 XLIV)
670 3842 836 3923 Morworuo,
860 3864 920 3922 rep.
938 3864 964 3903 a.
984 3841 1249 3905 laetabilem
1273 3843 1310 3902 ab
1330 3841 1439 3920 oppido

171 3945 203 4005 in
224 3946 285 4007 situ
306 3947 387 4007 dioto
408 3945 543 4026 „araquio
562 3943 605 4024 (ut
626 3967 714 4026 saepe
736 3970 754 4007 a
772 3948 862 4025 vulgo
884 3948 1072 4027 appellantur
1092 3947 1232 4007 fanorum
1252 3942 1439 4027 parietinae),

172 4071 221 4109 ara
242 4070 331 4130 opere
353 4051 520 4130 anaglypho
542 4052 611 4111 rudi
632 4058 745 4132 ornata,
769 4053 829 4112 alta
850 4073 890 4113 m.
917 4056 975 4132 nt,
999 4052 1060 4112 lata
1080 4050 1158 4111 inira
1182 4054 1263 4111 0.55.

743 4226 825 4271 rovr

722 4316 848 4375 ortuo

742 4434 825 4477 unx

721 4537 848 4580 ovrrrrr

681 4648 695 4687 s
721 4642 849 4684 nauseas

736 4772 764 4788 ..
780 4773 787 4788 .
801 4747 832 4787 ln

775 4851 796 4891 D

141 5003 285 5066 Sarmenta
313 5005 396 5066 misit
422 5005 601 5085 descriptam
630 5013 765 5066 aoeurate
791 5027 817 5064 a.
844 5007 940 5085 1894,
971 5011 1110 5085 eetypum
1138 5012 1314 5085 expectans3
1344 5004 1442 5082 imago

142 5106 215 5166 enim
240 5110 456 5189 photographa,
486 5130 575 5186 quam
603 5110 684 5170 idem
712 5129 808 5188 nuper
834 5109 932 5188 misit,
967 5109 1083 5170 litteras
1112 5109 1226 5172 indieat
1252 5109 1349 5187 pietas
1378 5127 1443 5168 esse

141 5215 264 5289 tempore
285 5214 398 5274 reeenti
420 5213 493 5275 satis
514 5214 658 5293 imperite.
