3746 5912
445 538 519 609 484
836 560 1114 611 marsvunuvvu
1140 562 1366 612 nouusrrcvu

443 748 617 809 bracchium
638 749 737 826 ipsum
760 756 838 807 certo
861 749 992 824 quodam
1007 755 1053 807 est
1070 750 1215 826 pondere;
1240 750 1385 810 accedunt
1406 752 1568 827 gravitates
1590 751 1778 831 lammirrae,

444 874 521 930 quae
545 854 636 911 affixa
658 858 718 930 est,
748 858 778 911 et
800 852 962 912 claviculae
984 873 1053 912 cum
1075 853 1293 930 aequipondio;
1320 854 1381 913 iam
1403 855 1430 913 si
1450 856 1559 916 harum
1581 856 1778 932 gravitatum

446 977 594 1018 summam
624 956 877 1035 computabimus,
907 958 1027 1033 pondus
1055 956 1249 1017 coniunctum
1276 958 1454 1018 habebimus
1482 960 1608 1035 aequale
1638 962 1779 1037 ponderi

444 1061 569 1121 alterius
590 1060 721 1120 bracchii
736 1060 897 1120 coniuncto
913 1080 980 1119 cum
999 1060 1095 1121 lancis
1110 1070 1140 1121 et
1153 1062 1261 1122 mercis
1281 1063 1361 1121 leuci
1383 1064 1541 1140 impositae
1562 1065 1778 1141 gravitatibus

445 1162 525 1245 (nam
547 1166 584 1225 ab
605 1164 695 1224 initio
719 1164 890 1239 aequilibrii
911 1165 1094 1242 positionem
1114 1164 1356 1246 postulavimus).
1402 1171 1466 1227 Iam
1487 1168 1688 1227 manifestum
1714 1177 1774 1245 eat,

444 1291 503 1345 qua
525 1271 562 1328 de
585 1289 674 1328 causa
696 1270 780 1328 taber
801 1268 923 1328 brevius
944 1268 1116 1328 bracchium
1131 1269 1163 1328 in
1178 1270 1305 1329 formam
1328 1270 1461 1346 cylindro
1484 1272 1613 1332 similem
1638 1292 1774 1346 eamque

444 1373 620 1433 crassiorem
642 1372 832 1450 produxerit:
856 1372 1001 1433 brevioris
1022 1372 1155 1432 bracchii
1176 1374 1352 1449 prauum
1367 1375 1428 1433 iere
1442 1376 1600 1451 aequalem
1621 1375 1775 1452 gravimi

444 1477 589 1554 longioris
603 1476 735 1537 bracchii
747 1497 815 1537 enm
829 1478 974 1537 lammina
985 1498 1040 1537 sua
1051 1477 1151 1537 effecit
1165 1486 1196 1537 et
1210 1484 1356 1553 quantum
1368 1479 1499 1555 spatium
1510 1482 1548 1538 ab
1563 1499 1599 1538 eo
1613 1478 1774 1554 longioris

444 1581 575 1642 bracchii
589 1590 710 1661 puncto,
733 1582 813 1641 intra
828 1584 909 1657 quod
931 1601 939 1640 ι
961 1582 1081 1662 legitur,
1104 1601 1200 1657 usque
1216 1583 1254 1641 ad
1270 1590 1405 1641 centrum
1420 1584 1558 1660 pertInet,
1582 1584 1772 1641 tantundem

444 1707 462 1745 a
483 1692 584 1745 centro
607 1687 646 1745 ed
667 1685 744 1745 illud
764 1685 909 1745 brevioris
930 1684 1062 1745 bracchii
1082 1693 1241 1763 punctum,
1269 1687 1351 1744 unde
1379 1687 1500 1745 lancula
1521 1706 1672 1764 suspensa
1695 1686 1769 1765 fuit,

445 1809 509 1849 esse
532 1789 635 1850 voluit.
682 1791 768 1852 Quae
790 1789 851 1848 nisi
876 1788 1068 1868 providisset,
1097 1789 1177 1848 scala
1204 1788 1404 1849 incisuramm
1433 1809 1467 1849 ao
1493 1798 1635 1849 neutum
1663 1791 1770 1849 tabula

445 1894 539 1954 multo
562 1894 750 1970 angustiores
772 1893 900 1969 ideoque
923 1893 1023 1953 miuus
1045 1900 1132 1970 aptae
1155 1894 1193 1952 ad
1214 1892 1425 1968 quotidianum
1438 1913 1528 1951 usum
1543 1896 1640 1953 tactae
1664 1905 1770 1953 essent

446 1994 528 2077 (haee
551 1996 632 2055 enim
653 1996 776 2074 physica
797 1996 915 2056 ratione
937 1996 1024 2056 facile
1047 1994 1306 2075 demonstrentur).
1349 2000 1396 2056 Ne
1418 1998 1521 2075 multa,
1542 1996 1684 2073 longiore
1708 2018 1768 2057 usn

445 2110 476 2161 et
497 2101 681 2179 experientia
704 2102 787 2160 faber
809 2103 933 2160 edoctus
956 2121 1021 2160 esse
1045 2100 1169 2180 videtur,
1199 2119 1346 2175 quaenam
1367 2120 1482 2160 massae
1505 2121 1614 2160 aeneae
1637 2101 1768 2177 eiusque

444 2206 587 2282 ponderis
609 2226 661 2282 per
684 2212 776 2264 totam
790 2203 935 2264 trutinam
949 2203 1122 2264 distributio
1138 2203 1293 2281 aptissima
1308 2210 1387 2263 esset
1402 2206 1439 2263 ad
1457 2211 1596 2264 notarum
1618 2205 1765 2282 tabulam,

445 2329 505 2384 qua
527 2309 647 2387 singula
668 2310 812 2368 mercium
835 2308 866 2367 iu
888 2300 972 2367 lance
994 2308 1159 2386 positarum
1180 2310 1314 2385 pondera
1335 2308 1547 2368 indicarentur.

531 2412 669 2488 Denique
692 2413 719 2471 si
740 2420 841 2492 notas,
865 2432 941 2488 quae
963 2411 996 2471 in
1017 2411 1161 2473 lammina
1189 2418 1320 2492 exstant,
1350 2412 1473 2472 lineolis
1500 2412 1686 2489 interpositis
1719 2412 1766 2471 di·
1852 2484 1853 2487 Ἴ

446 2516 637 2596 sanguinus,
665 2525 701 2575 ut
728 2516 760 2575 in
787 2522 890 2576 nostra
919 2519 1016 2594 figura
1045 2518 1232 2596 factumest,
1263 2516 1459 2593 quadraginta
1479 2516 1641 2576 lamminae
1663 2524 1764 2593 partes

446 2627 602 2699 apparent,
634 2640 761 2697 quarum
782 2640 867 2680 suam
889 2641 1024 2697 quaeque
1047 2620 1210 2680 incisuram
1235 2619 1269 2680 iu
1290 2621 1441 2699 superiore
1461 2621 1597 2697 margine
1616 2640 1762 2698 suamque

446 2725 546 2785 oneris
568 2724 600 2783 in
622 2726 709 2784 lance
732 2725 923 2801 appendendi
944 2725 1132 2786 notatIonem
1152 2724 1229 2801 gerit
1237 2723 1268 2806 ¹).

533 2848 698 2906 Dresdae
720 2866 759 2906 m.
783 2845 871 2905 Iunio
894 2866 920 2906 a.
948 2846 1038 2906 1896.
1459 2848 1492 2906 F.
1509 2848 1671 2907 Hunrson

451 3027 646 3035 ffl-

784 3161 822 3219 v.
853 3159 1019 3219 Puvueo
1041 3161 1421 3238 mscunrsp.1002.

449 3309 516 3379 257
545 3315 702 3395 himerius,
726 3314 759 3373 in
781 3334 894 3396 museo,
918 3316 1009 3376 tubus
1030 3315 1199 3394 plumbens.

1079 3489 1131 3532 lldl'

448 3629 540 3688 Plano
564 3624 601 3707 (v.
619 3647 709 3704 supra
723 3647 752 3705 p.
771 3623 843 3708 360)
861 3647 890 3705 p.
908 3628 965 3705 433
987 3626 1058 3687 inde
1079 3627 1147 3688 Fita
1168 3628 1221 3688 bol.
1237 3629 1272 3688 de
1286 3629 1315 3687 lu
1330 3628 1421 3690 Aeaci.
1437 3631 1527 3690 XXV
1546 3631 1628 3690 1894
1644 3650 1672 3708 p.
1692 3635 1759 3692 144.

870 3925 952 3984 VIII.
983 3924 1174 3984 'IEGVLAE
1195 3945 1225 4003 p.
1245 3928 1336 3985 1004.

448 4101 478 4140 n.
503 4081 586 4140 6252
611 4081 651 4139 24
674 4078 750 4140 Ilici.
787 4080 889 4139 Ibarra
910 4078 1002 4139 misit.

448 4266 549 4335 2581
582 4270 656 4350 Ilici,
680 4269 789 4330 litteris
810 4269 982 4346 grandibus.

1062 4428 1078 4469 r
1097 4396 1151 4495 cot

448 4535 548 4593 Ibarra
569 4529 661 4590 misit.

520 4757 536 4820 ¹)
555 4751 672 4821 Singula
683 4752 772 4824 spatia
783 4751 840 4807 fere
854 4750 979 4823 aequalia
990 4750 1130 4808 delineata
1141 4757 1218 4819 suut;
1230 4755 1260 4807 at
1270 4751 1294 4806 si
1306 4750 1369 4822 quis
1380 4757 1474 4808 nostra
1485 4757 1577 4807 aetate
1590 4752 1754 4809 mechanicus

448 4840 581 4897 trutinam
598 4839 743 4895 restituere
761 4839 790 4893 iu
807 4839 929 4893 animum
951 4837 1099 4906 induxerit,
1124 4856 1158 4893 ex
1175 4836 1271 4893 ordine
1296 4837 1450 4893 semunciae
1467 4855 1550 4907 onus,
1574 4844 1635 4894 turn
1658 4840 1753 4910 unciae,

448 4936 507 4983 tum
523 4926 629 4998 reliqua
647 4943 731 4982 onera
748 4942 837 4997 usque
854 4923 890 4979 ad
907 4924 1019 4979 XXXX
1036 4924 1129 4996 pondo
1145 4925 1268 4997 imponet
1283 4923 1409 4980 lanculae
1427 4930 1455 4980 et
1472 4924 1508 4980 ad
1524 4943 1614 4980 unum
1637 4925 1753 4998 quodque

449 5031 521 5069 onus
544 5012 749 5069 convenientem
771 5010 949 5083 aequipondii
971 5010 1062 5067 locum
1084 5012 1113 5067 in
1136 5011 1262 5081 longiore
1278 5010 1406 5067 bracchio
1423 5011 1574 5067 adnotabit
1609 5012 1673 5072 Quo
1689 5012 1753 5068 laeto
1852 5058 1853 5065 ,

450 5102 532 5157 etiam
550 5101 674 5172 strIgum,
692 5118 761 5172 quae
778 5099 809 5153 in
825 5098 948 5154 breviore
967 5103 1033 5154 sunt
1048 5099 1185 5169 bracchio,
1202 5100 1273 5154 ratio
1286 5099 1466 5154 demonstrari
1482 5098 1596 5170 poterit;
1614 5116 1678 5154 nam
1692 5116 1751 5171 pou-

452 5189 546 5243 derum
563 5188 593 5243 in
609 5187 739 5243 lammina
756 5186 927 5243 notationem
939 5186 975 5241 ad
986 5204 1072 5241 unum
1090 5186 1215 5242 uncum
1233 5185 1441 5258 suspendendae
1458 5186 1549 5242 locum
1566 5193 1660 5258 aptam
1675 5186 1752 5242 brius

451 5274 498 5329 vix
516 5281 559 5329 est
576 5272 634 5329 veri
652 5274 754 5330 simile:
777 5282 806 5331 at
823 5273 847 5328 si
865 5273 983 5345 primum
1000 5273 1030 5329 in
1047 5273 1141 5346 aIIqua
1158 5273 1258 5344 strige,
1282 5291 1353 5345 quae
1369 5273 1483 5345 propius
1503 5277 1541 5343 G,
1565 5281 1626 5328 tum
1648 5273 1678 5328 in
1697 5272 1751 5342 alis,
1852 5278 1853 5333 i
