3798 5910
456 508 529 581 352
918 531 1175 582 noorrannnrs
1202 533 1300 582 nova

452 719 584 778 rationes
605 718 703 778 varias
725 726 865 778 eventum
887 738 949 777 non
970 719 1083 778 habuit.
1122 721 1183 778 Sed
1204 719 1257 795 qui
1278 720 1317 778 ab
1339 720 1444 778 eadem
1465 718 1616 778 academia
1637 720 1768 777 edunhrr
1891 758 1892 763 κ

454 824 590 883 fasciculi
611 823 759 883 menstrui
781 818 893 904 (boletin
914 824 948 882 de
969 825 999 882 Io
1019 823 1095 882 Rani
1117 824 1271 884 Academia
1292 824 1326 882 de
1348 826 1378 883 la
1398 821 1525 903 Μιίονία)
1549 824 1586 883 de
1610 824 1701 883 rebus
1729 823 1768 881 sd
1893 884 1894 893 ¹

452 927 608 988 historiam
628 928 796 1005 Hispaniae
817 928 988 988 universam
1010 928 1214 1006 spectantibus
1237 927 1336 988 officio
1358 928 1411 987 illo
1435 927 1537 1003 aliqua
1557 928 1673 987 ratione
1696 929 1767 986 Iun·
1893 1008 1894 1017 ἵ

451 1040 579 1113 guntur,
608 1032 651 1092 ita
678 1041 793 1113 tamen,
823 1041 858 1092 ut
878 1034 1011 1111 legentes
1039 1055 1055 1093 e
1082 1032 1275 1092 multitudine
1297 1053 1397 1092 rerum
1417 1032 1543 1091 aliarum
1565 1040 1710 1108 cogantur
1731 1053 1767 1091 ea

452 1136 613 1215 eprscarI,
642 1156 718 1213 quae
746 1137 898 1214 pertinent
919 1139 957 1196 ad
979 1136 1173 1213 antiquitates
1193 1139 1353 1196 Romanas.
1400 1136 1537 1196 Accessit
1557 1155 1653 1213 nuper
1675 1138 1767 1213 ephe-

451 1241 542 1301 meris
568 1241 640 1300 item
666 1248 818 1301 menstrua
843 1239 946 1301 critica
972 1242 1052 1301 edita
1073 1262 1092 1299 a
1113 1241 1264 1318 Raphaele
1287 1240 1434 1300 Altamira
1459 1238 1589 1321 (Recta
1610 1240 1709 1298 emeca
1730 1240 1765 1297 de

453 1345 571 1404 &tona
590 1368 611 1425 y
633 1346 790 1425 Euechos,
814 1345 930 1406 Matriti
955 1348 1034 1405 1895
1051 1343 1117 1426 ss),
1142 1366 1218 1422 quae
1240 1344 1331 1405 etiam
1353 1347 1390 1405 de
1413 1343 1640 1421 antiquitatibus
1662 1352 1693 1403 et
1714 1344 1763 1402 in-

450 1449 664 1527 scriptionibus
692 1450 779 1509 novis
805 1449 930 1528 repertis
951 1451 1062 1509 referre
1084 1449 1144 1509 sibi
1165 1450 1322 1526 proposuit
1343 1457 1433 1526 atque
1454 1449 1515 1509 iam
1537 1449 1671 1508 continet
1692 1450 1767 1507 Ber-

449 1555 556 1631 langae
578 1554 812 1631 disputationem
834 1555 871 1614 de
893 1553 1096 1613 tintinnabulo
1119 1553 1336 1612 Tarraconensi
1357 1549 1447 1634 (infra
1469 1574 1497 1612 n.
1518 1549 1597 1634 198).
1635 1555 1671 1611 In
1693 1555 1768 1611 Por-

449 1658 574 1735 tugallis
613 1667 773 1737 postquam
813 1657 979 1735 ephemeris
1017 1657 1133 1716 Beata
1165 1656 1357 1735 orcheoIops‘ca
1389 1657 1468 1716 dicta
1501 1665 1530 1716 et
1563 1658 1600 1716 ab
1628 1656 1766 1715 Antonio

450 1762 561 1839 Borges
595 1763 632 1821 ds
669 1761 848 1837 I'igueiredo
885 1762 966 1822 edita
1002 1760 1125 1821 editoris
1161 1769 1256 1821 morte
1296 1763 1386 1820 finem
1421 1760 1528 1820 habuit
1562 1761 1765 1838 immaturum,

449 1868 594 1944 Iosephus
625 1867 709 1926 Leito
740 1867 777 1926 de
807 1866 1035 1946 Vasconcellos,
1075 1865 1321 1925 bibliothecarius
1353 1865 1575 1942 Olisiponensis
1605 1873 1637 1924 et
1667 1864 1767 1922 musei

450 1970 633 2048 ethnologici
655 1970 781 2030 aStatio
805 1973 844 2031 da
858 1970 955 2048 Veiga
976 1969 1091 2031 conditi
1113 1971 1250 2050 director,
1274 1970 1429 2030 inlocum
1450 1969 1533 2029 illius
1555 1970 1643 2028 edere
1666 1969 1767 2045 coepit

451 2075 656 2153 ephemerides
683 2083 851 2137 menstruas
879 2075 1038 2153 inscriptas
1066 2097 1083 2133 o
1108 2075 1284 2152 Arcbeolopo
1310 2075 1479 2153 Portupula3
1509 2094 1583 2151 quas
1610 2090 1767 2151 speramus

448 2180 569 2257 longius
593 2182 749 2240 duraturas
771 2200 837 2240 esse
859 2200 949 2256 quam
970 2180 1033 2239 illa.

535 2306 647 2363 Fontes
672 2303 849 2363 setrmtiores
880 2303 918 2362 ad
946 2300 1177 2379 inscriptionum
1198 2301 1403 2378 Hispanorum
1428 2300 1568 2361 notItIam
1596 2301 1766 2376 augendam

447 2407 538 2468 utiles
559 2428 621 2469 non
643 2408 718 2468 mihi
739 2408 936 2469 innotuerunt
956 2415 1073 2486 praeter
1094 2428 1198 2468 unum.

535 2529 700 2609 Gregorius
722 2529 802 2589 enIm
824 2530 950 2607 Mayans
964 2529 1030 2589 iure
1045 2530 1201 2589 consultus
1216 2530 1322 2609 clarus,
1339 2529 1385 2587 vir
1399 2525 1596 2605 amplitudine
1610 2525 1766 2586 doctrinae

448 2640 479 2693 et
499 2633 605 2693 iudicii
626 2634 763 2694 acumine
786 2655 877 2712 supra
898 2636 1051 2694 saeculum
1074 2642 1103 2694 et
1124 2634 1271 2712 populum
1293 2654 1381 2693 suum
1403 2634 1547 2712 eminens,
1570 2631 1659 2690 annis
1681 2632 1763 2689 1759

448 2746 479 2797 et
496 2741 576 2798 1760
593 2739 738 2816 epistulas
760 2740 835 2799 duas
858 2740 975 2816 scripsit
996 2742 1083 2799 Petro
1098 2740 1271 2799 Burmanno
1294 2739 1431 2799 Secundo
1455 2738 1492 2797 de
1514 2734 1763 2813 inscriptionibus

448 2843 580 2903 metricis
609 2843 642 2902 in
669 2843 821 2922 Hispania
847 2844 981 2922 repertis.
1026 2844 1180 2921 Epistulas
1206 2845 1260 2903 has
1288 2845 1377 2923 duas,
1406 2842 1502 2902 editas
1522 2841 1556 2900 in
1576 2841 1764 2918 praelatione

448 2947 649 3024 Anthologiac
683 2956 816 3008 veterum
849 2948 1095 3027 epigrammatum
1127 2948 1304 3008 LatInorum
1337 2948 1375 3007 ab
1407 2948 1464 3006 hoc
1497 2953 1615 3006 curatae
1648 2945 1707 3004 vol.
1734 2944 1765 3003 II

449 3046 676 3132 (Amsteledami
703 3048 811 3133 1773),
842 3053 1023 3114 recentiores
1054 3053 1122 3113 illas
1154 3071 1244 3127 quam
1276 3072 1351 3129 quae
1382 3052 1556 3129 prodierunt
1585 3049 1618 3108 In
1648 3049 1765 3125 sylloge

448 3156 645 3234 epistularum
672 3158 823 3235 Mayansii
852 3158 932 3217 edita
958 3157 1076 3217 Matriti
1103 3179 1128 3217 a.
1157 3160 1236 3218 1734
1265 3166 1295 3216 et
1320 3160 1414 3236 1756,
1438 3154 1595 3214 Valentiae
1617 3175 1642 3212 a.
1671 3154 1764 3231 1742,

448 3280 538 3336 quam
560 3260 688 3341 contuli,
712 3280 768 3337 ego
791 3272 879 3321 antea
900 3282 962 3320 non
983 3262 1115 3339 legeram
1137 3282 1235 3337 neque
1258 3260 1357 3321 extitit
1378 3260 1457 3320 inter
1477 3259 1558 3319 viros
1579 3260 1693 3337 doctos,
1711 3256 1765 3333 qui

447 3372 621 3443 apparatum
654 3365 877 3444 epigrapbicum
908 3366 1041 3444 corporis
1071 3365 1301 3444 inscriptionum
1331 3366 1506 3425 Latinarum
1538 3370 1762 3440 congesserunt,

448 3470 558 3545 aliquis
591 3490 639 3529 me
672 3470 804 3547 peritior.
859 3469 1019 3530 Francisco
1052 3471 1234 3530 Buechelero
1268 3470 1458 3545 anthologiae
1491 3468 1615 3528 Latinae
1655 3466 1763 3526 editori

447 3574 620 3651 nuperrimo
655 3574 794 3654 contigit,
828 3582 863 3633 ut
894 3574 1009 3652 prImus
1043 3575 1157 3634 iontem
1187 3576 1268 3633 hunc
1298 3575 1395 3633 adhuc
1425 3574 1593 3651 neglectum
1624 3570 1760 3649 aperiret

447 3679 521 3755 Agit
548 3679 722 3755 Mayansius
750 3677 782 3736 in
811 3677 949 3756 epistulis
976 3677 1039 3738 illis
1068 3678 1184 3738 duabus
1212 3679 1249 3738 de
1278 3676 1525 3755 inscriptionibus
1552 3675 1686 3736 metricis
1710 3695 1762 3753 ge-

446 3782 551 3841 nuinis
573 3784 655 3862 XVI,
678 3783 762 3842 falsis
777 3785 843 3863 vn,
868 3782 1039 3842 christianis
1060 3783 1109 3842 vel
1130 3782 1346 3842 recentioribus
1361 3784 1412 3843 VI
1450 3784 1548 3842 Notae
1570 3788 1642 3842 sunt
1659 3799 1762 3840 omnes

446 3896 563 3964 praeter
584 3887 862 3964 Carthaginiensem
884 3908 986 3968 unam,
1006 3908 1096 3964 quam
1111 3888 1190 3947 inira
1205 3907 1271 3946 sero
1287 3889 1407 3947 demum
1421 3887 1535 3963 patrias
1550 3906 1622 3946 suae
1637 3884 1762 3945 restituo

448 3988 488 4072 (n.
508 3987 588 4073 194).
620 3993 666 4051 Ex
682 3991 942 4052 observationibus
958 3991 1023 4051 eius
1046 3992 1133 4053 doleo
1155 4012 1203 4051 me
1225 3999 1313 4051 antea
1334 3992 1488 4068 ignorasse
1510 4011 1587 4067 quae
1609 3990 1763 4050 adnotavi

450 4097 488 4155 ad
510 4096 723 4174 epigrammata
744 4097 847 4173 pontis
869 4096 1093 4156 Alcantarensis
1115 4092 1156 4177 (n.
1182 4093 1271 4178 761);
1294 4098 1349 4156 has
1371 4104 1402 4155 et
1422 4095 1553 4172 reliquas
1575 4103 1609 4154 ut
1630 4095 1764 4171 legentes

447 4201 602 4260 consulere
623 4207 748 4279 possent
769 4201 796 4260 si
817 4200 967 4261 volueriut
989 4201 1092 4261 addidi
1116 4201 1166 4259 bie
1195 4208 1390 4279 conspectum
1419 4201 1574 4260 titulorum
1603 4199 1762 4278 editorum,

446 4329 522 4384 quos
543 4308 595 4368 ille
617 4310 789 4369 Burmanno
812 4308 895 4369 misit
916 4309 1165 4371 adnotationibus
1188 4309 1251 4369 suis
1272 4311 1448 4371 illustratos.

543 4520 572 4559 n.
597 4502 656 4560 391
682 4502 807 4579 Mayans
829 4521 858 4578 p.
881 4503 927 4561 IX
1099 4522 1129 4560 n.
1144 4504 1226 4561 2314
1250 4502 1375 4579 Mayans
1398 4522 1427 4579 p.
1450 4502 1548 4561 XLIV

597 4606 658 4663 558
743 4650 762 4683 ‚,
830 4652 847 4683 „
882 4606 911 4663 X
1143 4608 1227 4666 2335
1313 4654 1331 4686 „
1399 4607 1524 4685 „XIV

598 4711 657 4767 761
744 4755 761 4786 ,‚
830 4710 942 4787 „XV
1144 4713 1224 4770 3871
1313 4756 1331 4789 ,‚
1398 4711 1524 4790 „XIX

578 4813 658 4871 1235
744 4858 762 4889 ,,
829 4858 847 4891 „
882 4813 927 4870 XI
1142 4817 1226 4873 4137
1313 4861 1331 4891 ,,
1399 4815 1535 4893 „XLV

578 4917 658 4976 1293
744 4962 762 4995 „
830 4918 939 4995 „XL
1142 4921 1225 4977 4314
1312 4965 1330 4996 „
1398 4965 1416 4996 „
1448 4918 1619 4977 XXXIVs.
1637 4917 1694 4974 XL

578 5021 658 5079 1399
744 5066 761 5098 ‚‚
830 5022 938 5097 „XL
1142 5024 1224 5080 4315
1311 5068 1328 5099 ‚,
1397 5068 1415 5101 „
1449 5021 1695 5080 XXXIVs.XL

577 5125 658 5183 1580
744 5171 761 5201 ,‚
829 5170 847 5202 ,‚
881 5125 984 5183 XLIX
1141 5127 1224 5184 4426
1311 5171 1327 5203 „
1397 5172 1414 5203 ,‚
1448 5126 1589 5184 XXXVI
1612 5125 1669 5183 XL

577 5229 658 5286 1699
744 5275 762 5305 „
830 5274 847 5305 „
884 5227 982 5286 XLIV
1098 5228 1176 5287 Infra
1191 5249 1220 5287 n.
1238 5232 1294 5288 197
1310 5274 1328 5307 ‚,
1396 5276 1414 5307 „
1449 5231 1532 5288 XLV
