3710 5912
618 561 813 613 NOTABILIA

118 740 257 799 defensio
275 741 354 799 urbis
374 742 410 798 ab
429 740 573 798 incendiis
590 757 644 813 per
660 742 719 797 lud.
733 757 807 797 saec.
826 740 888 797 dies
906 759 934 812 p.
948 742 1000 793 296

122 827 191 885 dies
209 831 240 885 et
256 829 336 885 loeus
355 845 501 885 sacrorum
519 828 609 900 (Aug.)
628 846 656 899 p.
670 828 758 901 25214,
777 827 812 882 cf.
830 845 859 898 p.
872 830 922 881 261

118 914 269 985 epistulae
287 914 377 987 impp.
397 914 495 971 855551
514 917 546 971 51
564 914 728 971 caracallae
746 932 774 984 p.
788 917 890 968 197-6

117 1000 241 1073 frugum
259 1003 390 1073 acceptio
409 1002 496 1071 (8555.
516 1003 598 1073 Aug.)
615 1019 644 1072 p.
657 1001 736 1072 25012
756 1000 843 1069 (Sace.
863 1001 935 1069 855.)
953 1019 981 1071 p.
995 1002 1045 1055 299

118 1093 271 1149 iustitium
289 1092 377 1161 (8555.
391 1094 472 1165 Aug.)
492 1112 519 1164 p.
533 1096 583 1147 212
602 1092 690 1160 (Sacc.
704 1091 776 1161 855.)
794 1112 821 1164 p.
835 1094 884 1147 291

117 1183 222 1239 155155
240 1184 370 1241 minutus
389 1183 476 1251 (8555.
489 1184 571 1255 Aug.)
589 1201 616 1254 p.
631 1186 681 1237 212
773 1207 776 1211 ’

119 1270 188 1326 ludi
206 1271 333 1328 scaenici
352 1274 382 1328 et
400 1271 542 1328 circenses
562 1273 592 1326 et
609 1268 725 1329 venatio
746 1286 798 1341 per
814 1270 873 1325 lud.
893 1287 966 1325 saec.
985 1271 1058 1341 Aug.
1076 1288 1104 1340 p.
1118 1271 1237 1324 268-72

119 1359 274 1414 matronae
292 1358 377 1430 pueri
393 1358 510 1431 puellae
528 1360 679 1414 senatores
698 1357 735 1412 ad
754 1373 836 1413 sacra
853 1357 926 1428 Aug.
945 1356 1070 1413 adhibiti
1087 1375 1115 1427 p.
1130 1360 1230 1411 255-7

118 1444 245 1501 numina
263 1445 399 1502 invocata
415 1462 443 1515 p.
456 1447 592 1500 251-260

120 1530 208 1601 origo
226 1531 285 1587 lud.
303 1549 379 1589 saec.
398 1532 470 1603 Aug.
489 1550 517 1603 p.
531 1533 633 1586 234-6

118 1619 223 1686 partes
240 1634 314 1688 quae
331 1618 442 1674 fuerint
458 1618 622 1674 medendis
639 1618 700 1674 lud.
713 1634 785 1674 saec.
799 1618 870 1689 Aug.
885 1620 1001 1673 senatus
1019 1636 1047 1688 p.
1060 1620 1173 1685 244-1,
1190 1617 1241 1672 XV
1252 1618 1378 1673 virorum

366 1724 394 1777 p.
412 1708 528 1773 243-4;
554 1706 585 1760 15
613 1705 732 1761 edendis
759 1704 817 1759 lud.
846 1721 919 1761 saec.
944 1704 1006 1760 855.
1034 1704 1225 1775 imperatoris,
1253 1707 1379 1772 senatus,

366 1791 418 1846 XV
435 1792 562 1848 virorum
579 1810 606 1863 p.
620 1795 679 1846 292.
715 1791 841 1863 Augusti
854 1794 885 1846 51
895 1791 1042 1863 Agrippae
1060 1808 1135 1862 quae
1152 1793 1250 1863 partes
1268 1790 1379 1847 fuerint

367 1879 397 1935 iu
417 1878 571 1935 offerendis
590 1878 677 1934 sacris
695 1897 723 1949 p.
737 1881 787 1932 260

120 1975 310 2045 precationes
330 1991 486 2043 earumque
505 1974 623 2031 exordia
641 1977 672 2030 51
687 1973 828 2030 formulae
845 1991 873 2044 p.
887 1976 1007 2028 260-67

122 2078 210 2117 sacra
227 2063 257 2117 et
273 2061 456 2133 precationes
475 2062 534 2117 lud.
553 2078 627 2117 saec.
645 2060 718 2133 Aug.
736 2079 765 2132 p.
778 2064 829 2115 260

121 2147 269 2204 sacrificia
287 2150 318 2204 et
336 2147 513 2204 sellisternia
529 2165 582 2219 per
599 2148 658 2204 lud.
678 2164 752 2203 saec.
772 2138 835 2204 855.
857 2165 885 2217 p.
899 2150 1033 2202 300-301

122 2235 300 2306 scriptorum
317 2235 375 2291 loci
393 2236 429 2292 de
447 2235 505 2291 lud.
527 2252 601 2291 saec.
620 2236 693 2306 Aug.
712 2255 740 2307 p.
759 2237 818 2303 225,
837 2233 899 2290 855.
922 2253 950 2305 p.
962 2237 1064 2289 sve-5

123 2325 245 2377 senatus
263 2323 429 2379 consultum
448 2323 483 2378 de
502 2322 561 2377 lud.
580 2338 653 2378 saec.
673 2322 736 2378 855.
755 2341 783 2394 p.
797 2324 898 2376 295-6

124 2408 357 2465 suffimeutorum
377 2408 546 2465 distributio
565 2407 655 2476 (Saea
674 2409 756 2479 Aug.)
774 2426 802 2478 p.
815 2408 911 2480 249150
931 2408 1019 2478 (8555.
1039 2408 1110 2476 Seu.)
1128 2428 1156 2479 p.
1169 2411 1220 2464 298

123 2497 260 2567 sumptus
280 2496 414 2552 ludorum
433 2512 506 2551 saec.
525 2494 589 2552 855.
607 2514 635 2566 p.
648 2498 750 2557 296-,1

124 2581 251 2650 theatra,
274 2581 325 2639 ubi
342 2582 402 2637 lud.
420 2598 494 2638 5555.
514 2580 577 2637 855.
596 2581 758 2638 edebantur
774 2599 802 2653 p.
817 2583 863 2635 301

56 2679 151 2733 macte
170 2677 350 2746 adverbium,
369 2695 428 2733 non
445 2676 623 2733 adiectivum
640 2695 668 2747 p.
682 2679 732 2731 266

56 2764 157 2820 matris
176 2781 283 2821 nomen
301 2763 462 2820 indicatum
480 2783 508 2834 p.
523 2767 573 2818 506

59 2851 223 2922 ›mihique‹
242 2852 362 2907 verbum
379 2851 410 2905 in
429 2851 501 2907 actis
520 2850 642 2906 fratrum
660 2850 810 2907 Arvalium
828 2849 973 2908 omittitur
991 2849 1060 2905 iude
1077 2852 1114 2907 ab
1132 2853 1221 2906 5116
1238 2870 1266 2924 p.
1279 2854 1330 2905 330

57 2938 167 2994 nummi
178 2939 216 2995 ad
225 2938 284 2995 lud.
296 2954 369 2993 saec.
379 2937 452 3009 Aug.
462 2938 643 3009 pertinentes
656 2957 684 3009 p.
695 2941 744 2991 225
757 2939 816 2994 551.
826 2941 850 3007 2,
864 2939 914 2991 226
924 2954 989 2993 eum
998 2940 1093 3006 5512,
1112 2937 1223 2993 Severi:
1241 2955 1269 3008 p.
1279 2941 1381 2993 214-5

125 3026 239 3082 nummi
257 3025 383 3097 Augusti
402 3027 433 3081 et
450 3024 609 3081 Domitiani
627 3025 664 3081 ad
682 3024 741 3079 lud.
761 3041 835 3081 saec.
852 3024 1034 3095 pertinentes
1052 3043 1080 3095 p.
1094 3028 1195 3079 310-5
1215 3041 1280 3079 cum
1297 3025 1382 3081 tabl

126 3113 240 3169 nummi
256 3112 406 3169 cuiusdam
419 3110 578 3168 Domitiani
596 3110 713 3178 (Echhel
731 3115 754 3165 0.
770 3114 827 3178 sev)
845 3110 996 3182 inscriptio
1016 3111 1157 3180 quomodo
1170 3114 1249 3168 recte
1266 3110 1381 3168 intelle·

372 3201 459 3271 gutur
475 3216 504 3269 p.
518 3200 577 3267 311,
596 3198 630 3253 51.
648 3216 676 3269 p.
690 3200 739 3252 251

127 3294 257 3351 Achivus
277 3296 351 3351 ritus
368 3296 400 3351 15
417 3295 542 3351 nummis
561 3296 797 3365 repraesentatur
814 3312 841 3365 p.
856 3297 907 3348 312

128 3397 213 3436 sacra
231 3384 261 3437 et
279 3382 470 3438 caerimoniae
487 3383 518 3438 in
536 3382 660 3437 nummis
678 3383 897 3454 repraesentata
913 3399 941 3452 p.
952 3383 1073 3436 310-14

128 3466 264 3522 ludorum
281 3467 403 3523 indictio
420 3468 453 3523 in
469 3469 595 3526 nummis
612 3489 640 3541 p.
654 3470 705 3524 314

62 3561 287 3634 orthographica
303 3581 331 3634 p.
345 3565 455 3618 213-4.
474 3567 522 3619 301

60 3665 215 3718 personae:
234 3666 374 3721 personae
391 3649 422 3704 15
440 3649 513 3706 actis
532 3650 611 3707 8555.
629 3649 702 3721 Aug.
720 3650 887 3707 nominatae
904 3669 932 3720 p.
946 3653 1047 3705 240-3

235 3740 442 3811 imperatorum
460 3740 579 3798 nomina
598 3743 628 3796 et
644 3741 768 3798 honores
786 3741 818 3796 in
835 3745 891 3798 act.
910 3741 973 3798 855.
992 3761 1019 3814 p.
1033 3743 1084 3796 294

235 3826 287 3883 XV
304 3825 359 3883 viri
377 3827 408 3882 in
426 3826 499 3883 actis
518 3827 595 3884 8555.
614 3827 677 3884 855.
695 3828 839 3885 55515511
855 3847 882 3901 p.
896 3830 999 3884 292-4

237 4038 272 4092 (15
291 4035 374 4093 Aelio
393 4036 534 4107 Capitone
552 4036 649 4108 agitur
665 4054 693 4107 p.
707 4039 758 4091 239
770 4039 829 4092 551.
844 4039 856 4090 1

237 4124 297 4178 dies
316 4123 422 4179 natulis
441 4123 621 4194 quorundam
639 4141 674 4179 ex
692 4124 721 4179 (1.
740 4124 871 4181 Caesaris
888 4123 1001 4180 familia
1017 4141 1045 4195 p.
1059 4124 1136 4195 32213

236 4209 331 4265 salvii
348 4209 495 4267 Plautiani
512 4210 710 4281 aequiperatio
729 4227 795 4266 cum
813 4209 912 4266 Severi
929 4210 997 4266 filiis
1014 4229 1042 4281 p.
1056 4212 1135 4281 29415

239 4296 328 4353 Getae
347 4314 451 4354 nomen
470 4297 501 4353 in
519 4296 592 4353 55115
611 4295 709 4353 Severi
728 4314 841 4353 erasum
858 4316 885 4369 p.
933 4301 948 4350 4

236 4383 265 4439 L.
278 4383 418 4440 Lentulus
436 4383 542 4439 flamen
559 4382 701 4439 Martialis
721 4385 751 4439 et
768 4384 813 4440 111
831 4383 876 4439 vir
892 4383 1046 4442 monetalis
1064 4384 1143 4440 iuter
1160 4400 1185 4439 a
1199 4384 1335 4438 134-’139

305 4489 333 4542 p.
346 4473 394 4524 241
415 4473 474 4528 551.
496 4474 506 4524 1

65 4574 168 4627 praeco
186 4561 421 4630 repraesentatus
438 4558 471 4614 in
488 4557 612 4614 nummis
629 4577 657 4629 p.
671 4560 722 4613 240
740 4560 838 4628 nott,
856 4577 884 4629 p.
898 4561 1000 4613 314-5

67 4645 242 4703 sacerdotes:
261 4646 425 4702 sacerdotes
444 4663 531 4718 supra
547 4663 698 4701 numerum
716 4645 807 4702 creati
824 4662 852 4715 p.
865 4648 916 4700 242
935 4662 1000 4700 eum
1017 4647 1076 4702 not.
1095 4648 1140 4717 213

237 4733 464 4790 sacerdotiorum
482 4734 513 4788 et
530 4732 754 4802 magistratuum
773 4732 930 4788 cumulatio
948 4751 976 4803 p.
990 4735 1092 4786 294-5

237 4820 399 4876 auctarium
421 4821 457 4875 de
479 4819 662 4876 sacerdotum
683 4821 714 4875 iu
737 4820 811 4877 actis
835 4836 980 4875 sacrorum
998 4819 1185 4890 collegiorum
1203 4818 1385 4876 ordinatione

309 4923 336 4977 p.
351 4909 452 4961 303-9

238 4993 361 5049 fratrum
378 4992 526 5049 Arvalium
543 4993 737 5065 promagister
753 4992 916 5063 magisterii
933 5010 961 5063 p.
975 4995 1052 5064 32611

238 5078 290 5135 XV
302 5078 428 5135 virorum
440 5098 462 5135 5.
474 5080 492 5133 1.
506 5096 641 5136 numerus
654 5080 833 5151 temporibus
847 5079 945 5135 Severi
959 5098 987 5150 p.
1001 5081 1059 5148 292,
1077 5078 1221 5134 ordinatio
1233 5097 1261 5150 p.
1274 5082 1386 5148 242-3,

308 5166 391 5221 sedes
408 5165 526 5236 collegii
540 5184 568 5237 p.
582 5169 640 5235 241,
656 5165 789 5237 magistri
803 5185 831 5237 p.
844 5168 902 5235 243,
918 5166 1121 5237 magistrorum
1135 5182 1271 5221 uumerus
1287 5184 1314 5236 p.
1327 5167 1386 5221 243.

311 5255 360 5305 292
