3752 5922
139 541 291 609 ses-sap
714 539 798 593 von.
817 540 870 592 1x.

374 763 470 827 CXX.
514 764 796 828 TOLENTINVM
818 767 983 844 (Tolentiao
1003 785 1033 844 p.
1049 764 1119 825 530.
1136 764 1219 840 688).

138 902 206 964 239
227 904 397 984 fragmenta
416 904 475 965 duo
496 923 663 965 marmorea
684 926 747 985 rep.
769 906 922 968 Tolentini
943 907 973 965 in
995 904 1123 966 ecelesia
1144 901 1175 964 S.
1192 900 1320 965 Catervi.
1447 903 1449 906 ⁴

666 1069 745 1127 lue
815 1084 921 1128 cuns

638 1188 751 1232 tenero
772 1201 779 1215 ·
804 1187 973 1231 casterno

622 1290 672 1333 ero
694 1304 701 1318 ·
725 1290 815 1333 rsurcr
838 1303 845 1317 ·
867 1290 931 1333 avo
953 1304 959 1319 ·

637 1392 790 1430 nuruum
812 1406 819 1421 ·
841 1392 971 1436 msxrmt

915 1697 952 1740 ΕΒ

915 1801 931 1841 Ρ

138 2067 290 2130 Barnebei
313 2069 392 2150 apud
413 2071 587 2132 Fioreilium
609 2073 722 2132 Notizie
742 2073 820 2150 depli
841 2075 921 2133 eaaoi
945 2073 1022 2133 1885
1045 2091 1073 2149 p.
1094 2072 1161 2131 166.

499 2430 502 2437 .
577 2370 680 2430 tuan
701 2369 847 2433 eroum
869 2375 912 2450 (p.
928 2371 1013 2447 uso).

138 2523 209 2585 240
231 2525 291 2586 eol.
307 2526 369 2586 mil.
385 2528 450 2587 viae
465 2525 600 2589 Salariae
614 2547 676 2605 rep.
692 2531 723 2588 in
742 2538 843 2590 monte
857 2530 939 2591 Iovis
953 2550 1046 2609 prope
1059 2528 1204 2589 Hadriam
1219 2526 1331 2600 Piceni,
1352 2523 1459 2584 deinde

177 2632 208 2687 in
228 2647 292 2690 assa
314 2631 385 2690 delle
408 2651 471 2692 oaee
493 2632 633 2692 colonicio
655 2634 828 2693 denominate
849 2635 895 2693 aei
917 2633 1062 2711 sapetelli
1083 2634 1113 2691 a·
1133 2643 1214 2692 sotto.

605 2901 713 2962 erxv

138 3282 290 3344 Barnabei
317 3283 534 3362 Mittheilaapea
555 3286 603 3344 des
625 3303 708 3344 roem.
731 3288 858 3346 Instituta
881 3284 959 3346 1888
982 3305 1011 3365 p.
1029 3286 1065 3346 18
1089 3294 1119 3345 et
1139 3284 1235 3345 denuo
1257 3283 1370 3343 Notiaie
1385 3283 1460 3361 depii

139 3391 217 3446 scam'
234 3387 317 3448 1888
339 3405 370 3463 p.
386 3384 455 3460 291,
477 3388 527 3465 qui
549 3388 715 3465 descripsit.

1052 3629 1457 3645 Μ

431 3797 819 3932 msunvunmvu
845 3855 1169 3934 nouusmovu

408 4043 635 4105 nnuromvn
656 4045 832 4105 muman
853 4046 893 4105 11.
916 4044 970 4106 1v.
994 4044 1022 4104 v
1044 4045 1087 4124 (p.
1105 4045 1190 4121 004).

181 4182 325 4260 regulas,
341 4182 510 4261 amphorae,
525 4184 641 4262 reliqua
652 4184 691 4242 ad
703 4183 930 4243 instrumentum
945 4183 1025 4259 quod
1037 4201 1177 4244 vocemus
1189 4182 1383 4242 domesticum
1394 4199 1461 4258 per·

142 4286 275 4359 tinentia,
299 4304 376 4362 qnae
396 4285 521 4345 Tarenti
543 4287 729 4364 prodierunt,
756 4288 923 4362 composuit
944 4286 1032 4346 Viola
1053 4286 1132 4363 apud
1152 4284 1327 4346 Fiorellium
1348 4284 1461 4343 Notizie

143 4387 217 4464 deols·
237 4391 318 4448 soavi
341 4387 421 4447 1884
442 4407 472 4465 p.
490 4388 621 4466 llisqq.
648 4398 678 4448 et
701 4388 779 4449 1885
802 4407 830 4465 p.
847 4389 980 4465 258sqq.
1030 4388 1141 4466 Magna
1166 4407 1236 4465 pers
1260 4386 1391 4447 Graecas
1416 4388 1461 4444 in·

144 4491 320 4567 scriptiones
341 4489 475 4562 exhibet,
504 4510 581 4568 quae
602 4491 651 4550 hio
671 4491 852 4551 omittendae
873 4499 952 4552 sunt.
994 4492 1043 4550 Ex
1063 4490 1181 4551 Latinis
1202 4492 1366 4567 fragmenta
1387 4508 1462 4548 non-

143 4593 225 4651 nulle
243 4601 348 4668 utpote
363 4594 485 4652 minoris
506 4595 648 4653 momenti
671 4594 787 4654 seclusi.
823 4593 907 4652 Loca
921 4594 969 4653 ubi
992 4593 1119 4671 plurime
1132 4594 1247 4652 detecta
1260 4600 1338 4666 sunt,
1359 4592 1461 4651 dieun-

145 4704 191 4754 tur
211 4692 305 4755 80000
325 4694 435 4769 Maia,
456 4695 634 4768 Moatedoro,
655 4695 805 4774 Peripate,
827 4697 865 4756 ad
885 4715 967 4756 mare
988 4714 1093 4757 versus
1115 4696 1194 4774 quod
1215 4704 1322 4756 vooant
1339 4695 1461 4773 piacola.

601 4859 756 4962 Tepulae
783 4860 1004 4938 Tarentinae.

149 5017 210 5080 241
244 5022 259 5079 l
284 5020 352 5080 1000
373 5020 495 5079 incerto.

742 5121 860 5165 sarova

148 5237 235 5300 Vioitt
255 5242 334 5320 apud
355 5242 533 5304 Fiorellium
554 5242 669 5304 Notiaia
690 5243 766 5321 dapis
786 5246 867 5304 soavi
890 5241 969 5304 1884
991 5264 1020 5324 p.
1038 5242 1095 5304 123
1119 5264 1147 5305 n.
1164 5242 1213 5304 99.
