3816 5912
572 546 749 600 nvoonvn
776 543 1048 600 sanovnamvu.
1398 516 1473 596 259

1278 644 1478 655 ...ι’-.-

145 738 205 797 que
227 732 444 797 componuntur
466 741 531 780 eum
554 723 667 781 Moeris
693 722 922 799 praesidemque
947 723 1103 798 geniturae
1129 729 1272 796 utraeque
1283 719 1325 795 l):
1355 718 1408 777 sed
1434 720 1479 777 in·

145 832 296 882 rorantur
317 842 383 882 eum
412 825 441 882 in
468 826 638 900 precatione
665 824 740 883 actis
761 826 874 883 inserta
899 833 961 883 tum
989 823 1069 900 apud
1090 822 1250 881 Horatium
1273 839 1397 881 numero
1419 821 1480 879 sin·

146 926 255 1002 gulari.
1023 920 1029 929 ¹

237 1030 265 1087 3.
303 1029 406 1088 Terrae
427 1033 514 1087 matri
538 1030 626 1088 tertia
648 1048 708 1088 nox
731 1047 818 1087 saera
838 1036 898 1102 est,
926 1029 955 1087 in
978 1029 1052 1088 aetia
1074 1029 1118 1087 sio
1139 1027 1323 1105 appellatae,
1350 1029 1424 1085 Γαῖα
1449 1027 1481 1086 in

147 1132 293 1202 carmine,
319 1131 403 1190 Cerea
425 1132 504 1210 apud
526 1132 696 1206 Horatium,
718 1122 847 1213 Δημήτηρ
869 1132 947 1207 apud
970 1132 1132 1191 Zosimum.

234 1232 329 1294 Sacra
350 1235 424 1293 haee
446 1243 592 1294 noeturna
612 1234 713 1294 omnia
734 1234 797 1293 fieri
819 1233 948 1293 vidimus
970 1236 1000 1293 io
1022 1252 1127 1310 eampo
1145 1233 1254 1292 Martio
1275 1224 1305 1289 iri
1328 1234 1395 1311 ipso
1417 1251 1480 1290 sae-

148 1337 293 1394 cularium
321 1338 522 1413 antiquiorum
545 1346 663 1397 vetusto
688 1338 836 1395 sacrario.
878 1335 992 1396 Contra
1015 1355 1103 1395 saera
1123 1336 1229 1395 diurna
1255 1355 1315 1393 non
1342 1335 1384 1393 ibi
1410 1334 1481 1393 offe·

150 1450 266 1511 rentur,
290 1440 342 1497 sed
364 1440 400 1497 ad
424 1439 514 1499 aedes
537 1440 659 1499 deorum
683 1440 854 1497 caelestium
878 1440 1044 1515 primarias.

236 1542 264 1598 4.
298 1541 363 1599 Ioni
385 1547 489 1618 optimo
510 1547 631 1601 manino
655 1542 753 1618 primo
775 1541 823 1599 die
845 1559 963 1600 sacrum
985 1542 1019 1599 fit
1040 1543 1069 1600 in
1094 1540 1253 1617 Capitolio.
1296 1541 1330 1599 ln
1352 1540 1482 1599 carmine

149 1647 221 1701 item
246 1663 284 1702 ex
308 1645 402 1703 saeris
424 1645 539 1704 diurnis
567 1646 693 1721 primum
717 1652 765 1703 est
790 1643 868 1719 quod
891 1645 925 1703 fit
946 1639 1011 1706 Διὸς
1033 1639 1111 1727 nopai
1133 1635 1244 1711 βωμόν.
1287 1643 1375 1720 Apud
1397 1642 1482 1700 Zosi-

150 1765 232 1804 mum
254 1765 331 1822 quae
351 1748 409 1805 hue
430 1748 591 1824 pertinent:
614 1749 648 1827 τῇ
669 1739 700 1807 δὲ
723 1745 794 1818 μετὰ
816 1747 923 1819 ταύτην
945 1748 1028 1825 (post
1042 1749 1168 1824 primam
1184 1746 1314 1822 noctem)
1336 1734 1423 1827 ἦνέρᾳ
1445 1743 1484 1804 sle

149 1841 181 1905 ri
198 1840 376 1907 Καπετώλιον
392 1840 559 1913 ἀναβάντες
581 1847 740 1911 κάνταῦθα
761 1848 814 1915 τοὶς
836 1843 1031 1920 νενομισμένας
1048 1841 1161 1909 θυσίας
1181 1838 1421 1928 προναγαγόντες
1443 1844 1484 1904 ἓν·

183 1942 407 2007 ῦθνν11
629 1942 1451 2012 1812aetrstaust

149 1973 182 2009 n
229 1973 258 2008 εν
273 1974 302 2008 τε
317 1975 362 2008 em
378 1975 406 2008 ro
423 1974 683 2019 aaraouannanrvov
721 1977 843 2037 εατρονε
892 1977 970 2017 οντες
985 1973 1038 2012 rar
1080 1959 1364 2034 repraesentabantur
1387 1958 1484 2008 Anah·

150 2061 217 2112 λωνι
238 2045 287 2111 καὶ
307 2045 445 2138 Ἀρτέμιδι
468 2065 608 2133 corrupta
623 2066 694 2116 sunt
708 2057 784 2116 male
799 2057 919 2117 insertis
936 2057 1030 2115 tribus
1045 2053 1198 2114 vocabulis
1221 2054 1380 2131 postremis
1396 2053 1486 2129 eulpa

150 2156 345 2216 librariorum
367 2158 466 2234 potins
489 2178 576 2235 quam
600 2160 739 2219 auctoris.

237 2261 266 2319 5.
298 2261 404 2319 Iunoni
428 2263 556 2336 rapinae,
583 2262 721 2321 nimirum
745 2260 934 2341 Capitolinae
961 2262 1026 2320 lovi
1053 2253 1206 2337 ennarapl)
1236 2279 1321 2321 saeer
1348 2269 1393 2320 est
1421 2259 1485 2318 dies

152 2363 318 2421 secundus:
342 2374 375 2421 ut
395 2364 425 2420 in
448 2365 578 2423 carmine
595 2356 682 2447 Ἥρης
705 2360 767 2435 vnio
788 2374 858 2443 post
880 2365 962 2423 Iovis
985 2364 1088 2423 aedem
1111 2363 1229 2423 iubetur
1251 2364 1401 2423 honorari.

239 2466 267 2524 6.
302 2466 435 2542 Apollini
457 2475 483 2523 et
496 2466 612 2525 Dianae
633 2484 749 2524 sacrum
771 2468 804 2527 fit
825 2469 872 2527 die
894 2469 992 2526 tertio.
1025 2466 1109 2525 Illius
1127 2466 1260 2525 meminit
1275 2486 1394 2525 carmen
1418 2472 1487 2544 post

151 2567 300 2627 Iunonem
324 2567 378 2625 aie:
402 2558 448 2624 nal
464 2560 734 2631 ‹rotdoe’rtao'nnov
755 2562 822 2628 ἔστι
844 2560 893 2627 ani
914 2560 1005 2641 ἠέλιος
1025 2559 1217 2639 κικλήσκεται.
1252 2567 1371 2646 Sibylla
1391 2570 1417 2627 al
1440 2588 1487 2627 ee·

153 2671 242 2743 cinit,
270 2678 303 2728 ut
324 2680 404 2728 eerto
424 2670 509 2741 feeit,
538 2681 607 2729 ante
631 2673 814 2750 Augustum,
845 2689 932 2732 saera
957 2672 1030 2730 haee
1056 2672 1167 2731 numini
1195 2672 1252 2730 sibi
1280 2671 1401 2748 proprio
1422 2671 1488 2730 fieri

153 2774 252 2831 voluit
274 2773 312 2831 ad
334 2772 481 2830 theatrum
503 2772 653 2846 Marcelli,
680 2793 775 2850 eoque
796 2784 897 2851 potest
916 2774 1035 2847 referri,
1063 2773 1143 2851 quod
1164 2775 1282 2833 Dianae
1305 2794 1365 2833 non
1388 2775 1488 2832 menri·

153 2877 213 2947 nit,
242 2895 307 2933 eam
335 2876 413 2933 enim
440 2874 549 2933 ibidem
573 2876 750 2936 cumfratre
773 2877 882 2935 cultam
906 2896 1056 2937 essenon
1083 2877 1226 2936 habemus
1249 2878 1400 2936 traditum.
1445 2880 1488 2936 At

156 2975 267 3053 Capito
290 2996 377 3037 saera
398 2997 434 3036 ea
455 2978 519 3035 fleri
540 2978 628 3035 iussit
649 2977 679 3036 in
695 2980 767 3038 aede
783 2989 852 3039 ante
866 2979 1040 3039 decennium
1061 2979 1123 3037 fere
1136 2979 1272 3038 dedicata
1293 2981 1331 3037 ab
1346 2981 1488 3058 Augusto

155 3080 293 3157 Apollini
316 3078 464 3138 Palatino.
507 3079 609 3137 Diana
634 3099 710 3155 quae
737 3082 900 3141 seeundum
927 3093 993 3141 acta
1018 3082 1422 3158 Horatiumque,invoeatur
1449 3082 1490 3141 si·

156 3183 231 3255 mul,
254 3183 370 3241 videtur
385 3156 499 3240 idieeta
520 3200 588 3240 esse
602 3201 621 3238 a
636 3181 793 3259 Capitone.
826 3183 972 3257 Latonae,
995 3203 1071 3260 qnae
1094 3204 1153 3243 una
1173 3203 1240 3242 eum
1261 3184 1323 3243 filio
1338 3184 1490 3247 colebatur

157 3295 239 3344 certe
260 3289 290 3343 in
313 3284 386 3343 aede
408 3286 446 3342 ad
468 3286 615 3343 theatrum
632 3284 817 3362 Mareellii),
840 3287 922 3345 solus
936 3286 1075 3346 Zosimus
1098 3286 1240 3345 meminit.
1277 3286 1313 3344 In
1335 3286 1410 3345 aede
1431 3285 1489 3344 Pa·

156 3387 252 3446 latina
274 3407 341 3446 oum
359 3387 470 3463 Apollo
493 3388 640 3446 coleretur
659 3387 775 3448 medius
798 3389 875 3448 inter
897 3407 1028 3448 sororem
1052 3389 1284 3465 matremque⁴),
1307 3390 1345 3448 ad
1367 3389 1488 3448 eandem

159 3490 264 3549 aedem
291 3509 379 3549 saera
399 3490 516 3548 Dianae
541 3490 621 3548 faeta
646 3491 810 3550 referemus
836 3510 959 3551 neeesse
980 3501 1040 3565 est,
1070 3493 1347 3569 coniungunturque
1369 3491 1490 3549 omnino

162 3611 249 3651 saera
265 3593 454 3671 Apollinaria
475 3601 505 3650 et
518 3592 631 3652 Diania
651 3613 717 3651 eum
738 3594 768 3652 in
785 3596 860 3654 aetis
881 3604 941 3653 tum
966 3596 1046 3671 apud
1068 3605 1185 3671 poetam
1208 3595 1261 3667 ita,
1283 3601 1316 3653 ut
1337 3593 1375 3652 ad
1390 3593 1490 3651 Aven-

160 3696 307 3754 tinensem
331 3695 432 3754 aedem
460 3697 533 3755 haee
556 3705 704 3772 nequeant
725 3695 803 3755 laeta
825 3715 901 3756 esse.
945 3695 1150 3756 Nihilominus
1173 3698 1241 3756 inde
1263 3696 1344 3774 quod
1364 3695 1404 3754 ad
1425 3715 1490 3754 eam

160 3816 280 3874 qnoque
306 3798 410 3856 aedem
436 3799 536 3875 fruges
563 3799 748 3876 accipiuntur
774 3799 814 3875 (v.
838 3799 889 3877 10)
918 3811 948 3858 et
972 3800 1052 3876 quod
1081 3799 1159 3875 apud
1188 3808 1309 3876 poetam
1338 3800 1492 3859 invocatur

161 3899 264 3959 Diana
285 3919 359 3977 qnae
381 3910 453 3959 tenet
473 3901 644 3960 Aventinum
667 3902 870 3979 Alqidumque,
896 3904 923 3961 ei
945 3902 1060 3961 numini
1083 3902 1256 3980 colligemus
1279 3922 1381 3981 parem
1404 3913 1492 3978 atque

164 4094 368 4105 ma

241 4234 265 4299 ¹)
293 4237 368 4288 Plato
388 4252 499 4303 sympoa.
519 4253 541 4287 o.
556 4238 590 4288 25
610 4254 636 4302 p.
654 4237 743 4289 need:
771 4237 858 4307 Μοῖρα
877 4230 919 4287 aal
937 4233 1080 4288 Εἰλείθυια
1102 4228 1248 4302 rixationis
1265 4234 1319 4285 lara
1336 4234 1370 4309 τῇ
1387 4232 1492 4305 yrnlm

162 4328 292 4382 Pindarus
310 4322 385 4380 Nem.
401 4333 425 4393 7,
448 4332 477 4379 l:
500 4324 640 4379 Ἐλείθυια
663 4318 769 4399 πάρεδρε
791 4327 889 4399 Μοιρᾶν
914 4327 1088 4399 βαθυφρόνων.
1129 4330 1272 4395 Olympii,
1291 4332 1339 4381 41:
1362 4327 1395 4394 τᾷ
1419 4325 1461 4398 pla
1481 4320 1495 4377 ὅ

163 4410 327 4493 χρνσνκόμας
349 4410 487 4491 πραΰμητίν
504 4412 530 4470 τ’
547 4416 699 4471 Ἐλείθυιαν
722 4419 880 4489 παρίστασίν
903 4440 929 4471 τε
949 4414 1057 4491 Μοίρας.
1098 4423 1278 4474 Conferendus
1296 4424 1329 4473 de
1348 4424 1447 4474 Moeris
1471 4431 1495 4472 et

164 4515 279 4580 Ilithyiia
293 4516 470 4565 Wilamowitn
489 4516 517 4564 in
537 4517 722 4566 commentario
742 4516 774 4566 de
793 4517 873 4580 Isyllo
891 4513 981 4583 philol.
999 4512 1175 4567 veteranae
1194 4531 1220 4580 p.
1237 4517 1279 4566 15.
1295 4516 1355 4567 186.
1385 4539 1390 4547 ’

242 4605 268 4669 ¹)
297 4609 407 4657 Arvales
426 4608 561 4673 aliquoties
580 4610 736 4659 conveniunt
753 4610 780 4658 in
797 4606 922 4675 Capitolio
942 4615 999 4658 ante
1018 4609 1106 4659 cellam
1124 4606 1229 4659 Iunonia
1246 4610 1350 4675 rapinae
1369 4608 1412 4672 (oi.
1426 4610 1496 4660 Hen-

164 4716 211 4751 zen
230 4707 280 4750 aet.
300 4716 325 4764 p.
341 4703 385 4751 82.
406 4699 477 4762 106).

241 4789 266 4854 ³)
296 4792 574 4844 cernennentes
594 4792 702 4843 c.1.1..
722 4794 736 4842 I
760 4809 786 4858 p.
801 4793 868 4844 330:
895 4792 1013 4861 Apollini
1034 4790 1171 4858 Laton(ae)
1199 4793 1236 4844 ad
1258 4792 1398 4858 theatr(nm)
1423 4791 1496 4845 Mar·

166 4884 246 4947 della)
267 4891 294 4934 et
312 4900 358 4934 ara
376 4885 474 4935 urbana
493 4885 522 4935 C.
537 4885 559 4933 Ι.
574 4886 604 4935 L.
618 4885 665 4947 VI,
685 4886 719 4935 32
740 4886 859 4936 dedicata
878 4882 1024 4952 [Apolli]ni
1041 4883 1144 4936 Dianae
1162 4883 1286 4937 Latonae.

242 4976 268 5039 ⁴)
298 4977 447 5042 Propertius
467 4979 493 5039 2,
513 4978 546 5027 31
567 4978 631 5028 fine:
657 4976 745 5028 deinde
768 4979 834 5028 inter
851 4984 952 5028 matrem
971 4976 1032 5028 derra
1055 4980 1110 5046 ipae
1128 4981 1240 5046 iateque
1264 4995 1373 5029 amorem
1391 4958 1498 5045 Pythian

166 5072 192 5121 in
217 5070 296 5136 lanqa
320 5070 434 5120 earmina
457 5076 523 5118 reate
546 5077 627 5119 sonat.
665 5070 778 5122 Dianam
803 5071 869 5122 bane
894 5072 962 5137 quod
986 5072 1125 5122 Eekhelius
1150 5072 1175 5135 6,
1196 5072 1230 5122 33
1256 5080 1283 5121 et
1304 5073 1403 5124 Preller
1425 5070 1497 5122 aaa

168 5161 249 5228 Myle.
269 5160 299 5212 1³
323 5179 347 5227 p.
362 5163 414 5212 309
435 5162 549 5212 scribunt
567 5162 691 5228 appellari
711 5164 853 5227 victricem,
879 5166 968 5214 nititur
987 5165 1060 5214 titulo
1080 5163 1406 5228 01e11.2626=c.1x‚
1427 5157 1498 5216 256⁴*

169 5256 272 5308 beneio.

1235 5364 1296 5427 17*
