3798 5910
417 571 490 641 338
942 590 1215 643 snnrnsnnuns

458 765 589 823 Pertinet
612 763 648 821 sd
672 766 749 822 sacri
771 764 856 822 Deae
879 764 954 823 Diae
976 764 1053 822 diem
1076 765 1234 823 secundum
1259 783 1352 841 neque
1375 774 1470 822 tamen
1494 784 1559 822 cum
1588 765 1633 822 eis
1661 783 1734 840 quae

417 868 585 943 composuit
605 867 729 925 Henzen
754 886 781 941 p.
799 865 837 923 27
860 866 948 942 piane
970 866 1115 924 convenit.
1146 901 1182 910 -
1211 869 1394 943 dunquenta
1419 877 1595 942 coniecerunt
1621 867 1735 924 intelie-

415 969 542 1046 gendum
564 978 624 1039 est,
649 969 786 1045 idemque
813 968 1026 1027 restituendum
1051 968 1085 1025 in
1111 967 1310 1046 descriptione
1335 970 1395 1028 diei
1420 969 1506 1046 primi
1535 988 1562 1025 a.
1583 968 1643 1026 218
1671 968 1733 1043 (Vi,

418 1070 497 1128 2104
521 1090 546 1127 v.
567 1070 632 1144 15),
662 1071 713 1128 obi
733 1070 893 1146 frunienta
922 1070 1112 1147 suppleverat
1139 1071 1295 1143 Marinus,
1319 1071 1480 1148 puim]enta
1502 1071 1672 1129 Henzenns.
1695 1103 1735 1112 -

418 1173 433 1228 t
455 1172 613 1248 pellicatus
634 1173 803 1231 ascendisse
826 1173 934 1230 dicitur
954 1173 1097 1249 magister
1119 1173 1245 1248 primurn
1267 1175 1323 1233 hoe
1344 1175 1423 1243 loc03
1451 1192 1544 1249 usqne
1572 1172 1609 1231 ad
1632 1191 1658 1228 s.
1675 1171 1735 1229 213

417 1276 549 1333 solemne
571 1288 618 1333 est
639 1276 773 1345 sotiatus,
800 1294 827 1332 a.
844 1273 913 1332 218.
938 1273 996 1332 219
1020 1294 1080 1351 qno
1104 1275 1210 1352 pedum
1240 1276 1409 1334 indumento
1436 1294 1507 1334 usus
1534 1276 1572 1331 sit
1598 1294 1657 1333 non
1685 1274 1736 1332 sd·

418 1388 546 1436 notetur.
596 1376 686 1435 Recte
708 1388 806 1435 sutem
828 1376 990 1436 Henzenus
1012 1377 1110 1435 attulit
1131 1377 1226 1435 locum
1248 1376 1339 1438 Genii
1363 1378 1409 1448 13,
1432 1376 1484 1435 22:
1523 1377 1554 1434 T.
1580 1376 1736 1436 Castricius

491 1499 552 1537 cum
645 1481 801 1554 discipulos
828 1480 966 1555 quosdam
992 1498 1059 1537 suas
1083 1489 1228 1538 curatores
1252 1481 1366 1539 eidissit
1390 1481 1435 1537 die
1454 1481 1562 1554 seriata
1588 1482 1689 1537 tunicis
1712 1489 1737 1535 et

416 1581 537 1639 lacernis
564 1582 675 1640 indutos
698 1591 726 1640 et
744 1580 859 1656 pollicis
881 1582 1034 1652 calciatos,
1063 1576 1205 1656 ‘squidem’
1226 1585 1326 1657 nquit,
1356 1576 1524 1640 ‘malentem
1550 1599 1599 1639 cos
1626 1589 1737 1656 topatus

416 1702 490 1742 esse:
518 1687 544 1741 si
566 1688 688 1760 pipitum
714 1692 769 1754 est,
802 1687 903 1742 cineus
929 1685 1030 1741 cotton
1055 1695 1081 1743 et
1102 1684 1280 1760 paenulatos.
1327 1682 1386 1741 Sed
1411 1687 1437 1741 si
1462 1683 1507 1741 iic
1530 1693 1619 1742 vester
1640 1683 1737 1740 huius·

415 1788 491 1843 modi
516 1790 629 1845 cnutus
654 1787 688 1844 de
712 1787 799 1844 muita
829 1789 887 1843 iam
914 1804 969 1844 usu
994 1786 1168 1861 ipnoscibiiic
1193 1796 1246 1856 est,
1278 1786 1402 1844 soccus
1430 1795 1520 1844 tamen
1546 1804 1609 1855 vos,
1635 1786 1738 1862 popuii

416 1889 539 1947 Romani
560 1898 711 1961 senatores,
736 1907 790 1964 per
811 1889 888 1946 urbis
910 1892 973 1945 uias
995 1890 1107 1963 inpredi
1128 1908 1307 1964 nequaquam
1327 1889 1458 1947 decorum
1478 1897 1537 1945 est.
1550 1931 1557 1943 .
1571 1930 1600 1944 ..
1645 1886 1735 1944 Pieri·

417 2010 470 2067 que
492 2001 583 2049 autern
606 2010 639 2048 cc
660 1992 714 2061 Iris,
738 1994 788 2067 qui
808 1991 969 2060 audnrant,
995 1991 1182 2065 requirebant,
1204 2010 1255 2048 cur
1274 1985 1409 2049 ‘soleatos'
1432 1991 1559 2060 aruisset,
1579 1992 1630 2065 qui
1650 1989 1735 2063 palti·

416 2111 475 2163 cas,
497 2112 554 2151 non
576 2093 669 2151 solcas
692 2093 832 2151 haberent.
876 2092 937 2151 Sed
959 2092 1114 2151 Castricius
1132 2096 1261 2169 prosecta
1287 2096 1353 2150 scite
1374 2102 1458 2168 auus
1478 2095 1639 2168 incorrupte
1662 2093 1737 2149 toeu

416 2206 460 2253 tus
483 2204 539 2253 est:
566 2198 659 2252 omnia
681 2198 753 2252 enim
768 2195 861 2268 senne
882 2196 916 2251 id
933 2213 1035 2269 psum,
1063 2195 1163 2269 quidus
1189 2195 1354 2269 plantarum
1381 2195 1471 2253 calces
1493 2203 1601 2252 tantum
1626 2195 1740 2268 infimae

416 2307 554 2373 tepuntun
583 2307 677 2355 cetera
695 2315 786 2372 prope
806 2298 884 2353 nuda
907 2306 933 2353 et
959 2298 1085 2353 tuendus
1113 2296 1227 2354 habenis
1252 2299 1347 2355 uncta
1373 2306 1451 2366 sunt,
1478 2296 1571 2352 solcas
1598 2296 1740 2362 danunt,

416 2419 613 2477 nonnunquam
634 2418 698 2456 voce
717 2418 823 2473 praeca
842 2393 1037 2473 ‘crepiduioc',
1068 2397 1199 2457 Gallicas
1226 2409 1318 2456 autern
1342 2399 1456 2456 verbum
1482 2417 1541 2456 esse
1567 2401 1669 2472 opinor
1689 2416 1740 2454 no-

416 2522 488 2573 uum,
510 2521 568 2560 non
590 2503 640 2560 diu
661 2510 726 2559 ante
747 2510 864 2559 aetatun
885 2500 928 2557 M.
952 2500 1094 2560 Ciceronis
1116 2502 1254 2575 usurpari
1275 2510 1400 2576 coeptum
1420 2510 1474 2558 cet.

458 3048 486 3105 Β
498 3048 596 3107 CDE
616 3058 733 3127 repertu
752 3050 783 3108 in
803 3050 893 3108 vines
914 3047 1077 3108 Ceccsrelii

1139 3241 1168 3297 D
1191 3240 1297 3299 litteris
1319 3239 1414 3299 bonis.

631 3239 661 3297 B

548 3344 1031 3718 oo
876 3238 1211 3666 o

438 3562 442 3569 .
580 3532 655 3574 VA·
679 3529 720 3572 SC
1160 3532 1279 3575 ARBORE
1301 3531 1340 3574 ΕΑ

630 3632 645 3674 s
1169 3612 1275 3751 punct

417 3829 570 3888 Henzen
563 3849 592 3886 rn
615 3828 758 3888 addendis
780 3830 815 3888 sd
840 3830 899 3889 vol.
915 3830 957 3888 VI
978 3848 1005 3905 p.
1020 3830 1080 3890 864
1095 3830 1204 3905 spii.

423 4117 728 4126 *—

459 4376 490 4434 F
497 4376 524 4436 0
546 4384 663 4454 reperta
684 4396 703 4435 a
721 4376 819 4437 Concu
840 4379 886 4435 nel
907 4380 988 4437 bosco
1011 4379 1043 4435 di
1058 4377 1203 4448 Montana,
1222 4397 1324 4454 presw
1347 4378 1369 4435 ii
1387 4380 1460 4437 detto
1475 4397 1603 4447 camune;
1625 4378 1744 4437 litteras

418 4481 506 4537 aetati
530 4480 749 4538 Antoninorum
772 4480 834 4539 fere
856 4481 1013 4539 convenire
1034 4479 1077 4538 sit
1097 4478 1179 4539 Tou.

851 4670 883 4727 F

672 4861 685 4899 s
728 4860 885 4902 esvssrs
934 4872 1020 4902 mnu
1196 4842 1213 4871 f
1223 4821 1377 4959 Q]

692 4962 925 5004 seruorum
1194 4904 1538 5085 Quinum

742 5063 925 5108 nvncvrsvs
985 5073 992 5107 ι

784 5145 882 5178 s·-

420 5256 602 5316 Tomessetti
625 5258 693 5317 dull.
716 5277 825 5317 comun.
850 5258 928 5317 1890
951 5280 978 5335 p.
1000 5260 1066 5317 110.
