3798 5910
414 470 487 542 270
1029 496 1126 547 nort

415 591 777 605 -ω

414 667 461 744 agi
486 668 521 725 de
544 667 621 725 ludis
636 686 675 724 ex
689 666 868 725 liberalitate
890 667 1027 744 editis1).
1061 669 1134 726 item
1154 669 1232 745 apud
1249 669 1422 730 Suetonium
1445 689 1631 749 nequaquam
1649 671 1740 748 signi·

414 766 542 827 ficantur
563 768 625 827 ludi
646 777 768 847 propter
789 770 932 828 honorem
956 772 1083 848 aliquem
1106 772 1292 849 impetratum
1317 793 1336 831 a
1349 774 1571 852 magistratibus
1594 772 1667 831 editi
1688 791 1742 851 op·

415 871 505 945 positi
528 871 773 944 sacerdotalibus,
796 890 893 949 neque
916 874 992 932 enim
1016 875 1058 933 sic
1080 875 1255 950 explicatur,
1277 895 1328 934 aar
1349 876 1378 933 id
1402 884 1506 935 auctor
1521 875 1671 934 addiderit
1692 895 1743 933 ne·

416 993 473 1049 que
495 974 587 1032 ullum
610 974 683 1033 alibi
703 974 845 1033 indicium
869 977 1015 1051 reperitur
1036 977 1172 1035 ludorum
1196 978 1357 1037 sollemnes
1379 978 1442 1039 dies
1464 979 1501 1037 ab
1517 981 1656 1057 Augusto
1677 995 1743 1036 esse

415 1075 598 1135 imminutos.
633 1076 730 1134 Immo
752 1078 809 1135 hoc
832 1078 938 1154 opinor
960 1080 1089 1155 scriptor
1110 1081 1161 1152 ait,
1183 1098 1249 1138 aum
1273 1081 1370 1139 adhuc
1391 1081 1573 1141 consuetudo
1595 1080 1743 1139 obtinuis-

418 1189 473 1251 set,
497 1190 528 1237 ut
550 1179 742 1256 magistratus
765 1180 973 1239 sacerdotesre
996 1191 1102 1257 sponte
1125 1201 1181 1240 sua
1202 1182 1289 1241 ludos
1309 1183 1430 1242 ederent
1451 1192 1530 1241 certo
1546 1201 1667 1242 numero
1683 1182 1746 1241 die·

418 1301 500 1352 rum,
526 1280 556 1338 id
579 1284 749 1359 Augustum
776 1282 839 1340 lieri
862 1286 1002 1341 vetuisse.
1025 1282 1182 1342 -Ludis
1209 1285 1377 1344 honorariis
1403 1287 1446 1345 ita
1473 1286 1630 1361 explicatis
1658 1284 1745 1344 simul

418 1384 567 1459 explicata
589 1393 635 1442 est
655 1403 732 1460 quae
753 1385 783 1442 in
806 1387 900 1444 sacris
916 1386 1072 1445 Arvalium
1095 1386 1142 1443 die
1165 1387 1297 1446 secundo
1319 1389 1467 1447 immolari
1489 1389 1567 1447 solet
1587 1396 1657 1464 post
1675 1405 1746 1463 por·

418 1505 468 1544 cas
485 1485 653 1562 piaculares
675 1506 763 1545 vacca
784 1486 989 1563 tonorartat).
1026 1488 1101 1546 Eam
1123 1508 1190 1547 cum
1214 1489 1309 1548 adhuc
1325 1489 1497 1566 diximusi)
1519 1491 1588 1548 iude
1610 1488 1746 1567 appella·

418 1598 479 1646 tam
502 1589 605 1659 videri,
629 1589 708 1665 quod
731 1588 789 1647 diis
812 1608 899 1649 sacra
919 1590 995 1650 finnt
1016 1592 1129 1650 tonora
1152 1610 1217 1667 erqo
1227 1592 1267 1668 ⁴),
1292 1593 1382 1651 verba
1403 1593 1548 1662 dedimus,
1572 1611 1640 1650 nam
1663 1590 1745 1667 quod

419 1692 556 1749 omuibus
572 1711 727 1750 commune
742 1700 799 1762 est,
822 1693 859 1749 ad
883 1695 1011 1769 speciem
1027 1694 1266 1769 distinguendam
1289 1714 1347 1752 non
1370 1704 1469 1772 potest
1490 1694 1638 1772 usurpari,
1660 1694 1746 1770 quasi

419 1795 446 1851 ei
472 1794 625 1870 proprium
646 1804 736 1852 esset.
781 1796 823 1852 At
844 1796 915 1871 quid
938 1796 1047 1867 subsit,
1075 1797 1260 1873 significatur
1281 1798 1354 1872 ipsis
1378 1801 1452 1856 actis
1474 1798 1642 1869 Arvalium,
1670 1816 1746 1874 quae

420 1897 546 1955 victimis
570 1897 739 1955 honorariis
761 1906 917 1973 opponunt
942 1898 1118 1976 piaculares.
1163 1897 1241 1958 Nam
1262 1900 1412 1976 piaculum
1435 1902 1484 1977 qui
1506 1901 1587 1972 facit,
1614 1900 1745 1958 debiturn

422 2000 524 2071 solvit3
547 2007 650 2057 contra
665 2018 756 2058 vacca
776 2000 829 2058 illa
851 2000 919 2059 ideo
942 2001 1103 2059 honoraria
1124 2002 1302 2078 appellatur,
1325 2004 1405 2080 quod
1428 2011 1533 2079 sponte
1548 2003 1659 2062 donata
1673 2002 1747 2062 deae

420 2102 641 2178 immolatur⁵).

504 2205 584 2263 Ludi
610 2206 739 2263 scaenici
761 2203 863 2263 Latini
891 2206 1053 2266 sollemnes
1079 2208 1155 2266 liunt
1181 2228 1234 2286 per
1259 2218 1362 2268 noctes
1388 2216 1449 2268 tres
1471 2209 1596 2286 diesque
1624 2208 1745 2268 totidem

422 2310 486 2368 siue
507 2308 730 2367 intermissione
751 2308 803 2380 ibi,
826 2308 875 2366 ubi
898 2328 983 2368 sacra
1004 2328 1122 2387 quoque
1143 2322 1336 2388 peraguntur,
1358 2312 1388 2370 in
1408 2329 1522 2389 campo,
1545 2312 1641 2387 prima
1662 2320 1748 2369 nocte

421 2412 479 2470 ritu
502 2418 619 2470 vetusto
647 2410 675 2467 in
703 2429 813 2469 scaena
839 2410 906 2470 sola
932 2413 996 2469 sine
1022 2413 1241 2489 spectaculist)
1270 2414 1364 2488 (recte
1386 2415 1476 2492 igitur
1498 2414 1638 2473 Zosimus
1661 2411 1690 2486 2,
1713 2413 1746 2471 5:

421 2508 714 2581 κατασκευασθείσης
736 2515 840 2583 σκηνῆς
862 2505 937 2589 δίχα
958 2506 1097 2599 θεάτρου,
1120 2516 1170 2574 ubi
1192 2534 1346 2594 perperam
1363 2517 1581 2575 substituerunt
1603 2516 1747 2576 recentio-

422 2634 470 2675 res
494 2610 596 2691 δίκην),
623 2614 729 2674 deinde
752 2615 867 2674 theatro
890 2624 1024 2676 extructo
1047 2627 1076 2675 et
1098 2618 1181 2675 sellis
1205 2618 1320 2693 positis.
1365 2617 1500 2679 Scaenici
1523 2619 1675 2678 honorarii
1697 2619 1747 2678 ad-

423 2719 489 2778 iacti
518 2737 536 2776 a
558 2717 763 2777 sacerdotibus
791 2738 829 2776 ex
856 2719 1035 2779 liberalitate
1061 2728 1091 2778 et
1118 2721 1282 2779 continuati
1308 2722 1479 2779 intermisso
1501 2721 1549 2780 die
1568 2722 1670 2780 lund
1696 2741 1749 2799 per

424 2822 489 2880 dies
512 2832 624 2896 septem
648 2840 666 2878 a
687 2840 756 2880 non.
772 2820 838 2879 lun.
861 2822 898 2880 ad
915 2821 963 2879 ΙΙΙ
985 2822 1024 2879 id.
1041 2823 1104 2880 lun.
1122 2848 1158 2872 =
1176 2822 1240 2881 lun.
1257 2823 1362 2881 5-11
1385 2825 1460 2882 fiunt
1481 2842 1546 2882 cum
1561 2823 1663 2883 Latini
1685 2832 1746 2883 tutu

425 2923 536 2984 Graeci
559 2931 588 2982 et
609 2925 640 2981 hi
663 2923 712 2982 alii
736 2924 889 3000 thymelici
912 2934 991 2996 sunt,
1013 2926 1065 2983 alii
1087 2926 1180 2984 astici.
1214 2925 1289 2984 Rem
1306 2926 1437 3000 explicat
1451 2927 1604 2986 Vitruvius
1628 2928 1658 2999 5,
1671 2927 1700 2999 t,
1715 2924 1747 2984 2:

425 3031 527 3104 tropici
553 3038 578 3085 et
600 3030 697 3085 comici
717 3036 826 3085 actores
851 3031 881 3085 in
902 3046 1004 3085 scaena
1028 3038 1183 3104 perapunt,
1211 3028 1315 3104 reliqui
1341 3039 1432 3087 auum
1457 3029 1579 3105 artifices
1601 3048 1670 3089 suas
1695 3048 1750 3106 per

425 3130 598 3188 orchestram
619 3138 771 3205 praestant
792 3133 932 3188 actiones:
958 3133 1053 3206 itaque
1075 3150 1108 3188 en
1130 3151 1160 3188 eo
1182 3135 1305 3189 scaenici
1326 3141 1351 3188 et
1373 3131 1514 3207 thymelici
1536 3130 1645 3191 &aeae
1667 3150 1749 3207 sepa·

424 3237 510 3292 ratim
532 3235 719 3290 eontinentur.
752 3232 902 3309 Ulpianus
924 3250 1043 3308 quoque
1065 3232 1148 3310 (Dig.
1163 3232 1191 3306 3,
1208 3231 1236 3305 2,
1252 3236 1271 3292 4
1286 3235 1346 3310 pr.)
1369 3233 1544 3311 thymelicos
1565 3236 1604 3294 iis
1626 3235 1750 3311 opponit

425 3462 627 3472 ..-.----ι

503 3627 528 3691 ¹)
554 3629 653 3679 Eadem
671 3628 858 3693 significatione
877 3629 1054 3694 accipiendum
1074 3636 1112 3679 est
1124 3630 1274 3679 vocabulum
1294 3630 1337 3680 ubi
1356 3636 1492 3696 usurpatur
1510 3630 1543 3680 ds
1558 3633 1617 3680 rino
1637 3631 1747 3681 trumen-

426 3731 512 3787 toqae.
543 3721 659 3771 Isidoms
677 3721 741 3785 orig.
757 3722 799 3783 20,
815 3722 840 3785 3,
855 3723 884 3771 8:
904 3720 1065 3771 decimariam
1077 3720 1240 3789 vinumquod
1255 3720 1356 3789 rapidus
1374 3721 1554 3791 repetentibus
1567 3721 1670 3773 donaris
1688 3740 1747 3789 qra-

426 3816 464 3864 tia
477 3813 594 3879 defertur.
626 3810 688 3863 Cato
701 3812 732 3862 de
743 3813 886 3864 innocentia
898 3830 958 3863 sua:
977 3831 1031 3865 cum
1049 3831 1124 3865 essem
1141 3816 1169 3865 in
1182 3816 1320 3882 provincia
1333 3814 1431 3881 loqutus
1448 3815 1606 3882 quamplures
1624 3814 1660 3866 ad
1675 3832 1748 3883 proe-

427 3914 494 3957 tores
511 3914 536 3957 et
557 3905 681 3967 cosmica,
707 3906 790 3956 vinum
812 3904 972 3957 bonmarium
990 3905 1086 3957 dabant
1108 3907 1149 3970 (cf.
1164 3906 1323 3960 Staatsrecltt
1339 3906 1368 3959 1⁸
1390 3926 1416 3974 p.
1431 3908 1484 3959 300
1502 3916 1556 3958 not.
1571 3908 1596 3969 2)
1621 3925 1750 3976 numquam

427 4000 515 4066 accepi
531 4014 562 4048 ne
578 3999 695 4066 privatus
713 3997 818 4066 quidem.
857 3999 948 4050 Cicero
966 4001 991 4050 in
1012 4001 1100 4052 Pison.
1116 4000 1158 4063 35,
1174 4002 1220 4051 86:
1244 4002 1289 4067 qui
1305 4000 1392 4051 modus
1410 3998 1457 4050 tibi
1465 3999 1522 4064 ,nisit
1530 4000 1656 4064 samsari
1672 4000 1749 4061 (scili-

428 4099 468 4143 cet
486 4093 512 4141 iu
531 4092 630 4153 cellam,
655 4092 724 4157 quod
743 4093 906 4158 magistratus
924 4094 1031 4157 requirit
1048 4090 1172 4159 legitime)
1192 4092 1357 4144 assumendi!
1381 4095 1425 4161 qai
1442 4091 1590 4144 bermerii?
1612 4094 1639 4143 ai
1655 4093 1750 4161 quidem

425 4190 508 4251 potest
525 4185 553 4233 ui
570 4191 593 4235 et
610 4190 674 4234 metri
693 4190 813 4234 extortum
830 4181 991 4236 brumarium
1008 4186 1139 4236 nominari

504 4274 528 4338 ²)
557 4278 662 4327 Henzen
682 4278 772 4327 Arval.
791 4293 816 4341 p.
831 4279 874 4327 20.

505 4366 531 4431 ³)
559 4370 635 4420 Venit
658 4369 834 4434 interpretatio
858 4386 874 4420 a
897 4372 1009 4422 Marinio
1030 4371 1118 4422 Arval.
1139 4388 1163 4437 p.
1178 4372 1244 4422 310:
1270 4388 1329 4423 eum
1353 4373 1432 4423 secuti
1456 4380 1514 4423 sunt
1536 4375 1642 4424 Henzen
1662 4374 1751 4423 Arsai.

427 4478 454 4529 p.
469 4464 501 4512 22
522 4469 548 4511 et
565 4462 715 4527 Marquardt
732 4459 954 4525 uanitatem

504 4552 530 4616 ⁴)
559 4555 691 4605 Arnobius
711 4556 850 4619 7,13seq.

506 4645 529 4709 5)
557 4648 656 4698 Eodem
675 4648 804 4711 pertinere
817 4649 918 4699 ridetur
936 4648 1005 4714 quod
1025 4650 1058 4700 ad
1071 4650 1180 4716 Vergilii
1201 4650 1277 4700 verba
1290 4652 1357 4701 Aen.
1374 4654 1397 4711 l,
1412 4652 1478 4701 6322
1497 4649 1581 4700 divum
1601 4649 1698 4719 templis
1714 4653 1752 4699 in·

430 4738 493 4791 elicit
510 4738 625 4791 bonorem
643 4740 748 4793 Servius
766 4740 911 4791 adnotavit:
935 4740 1060 4792 indictiva
1077 4742 1205 4809 sacrificia
1223 4740 1377 4806 dicebantur,
1397 4760 1460 4810 quae
1479 4741 1559 4794 subito
1579 4742 1615 4793 ad
1634 4758 1753 4811 praetem

431 4841 523 4902 tempus
544 4830 731 4884 indicebantur:
752 4830 898 4883 dicebantur
916 4850 992 4885 sacra
1015 4841 1039 4884 et
1061 4833 1212 4897 honoraria,
1238 4835 1305 4902 quod
1326 4844 1452 4903 utrumque
1476 4834 1522 4887 doc
1541 4835 1596 4887 loco
1614 4835 1754 4903 completus

429 4926 536 4978 videtur.

507 5017 532 5083 6)
559 5019 686 5085 Populum
705 5018 852 5071 Romanurn
871 5026 959 5070 notum
979 5027 1018 5070 est
1036 5022 1180 5086 antiquiore
1199 5029 1314 5087 tempore
1337 5023 1412 5074 ludos
1431 5030 1538 5074 stantem
1558 5022 1711 5086 spectavisse
1729 5027 1754 5070 et

432 5129 455 5165 a.
470 5114 521 5164 599
542 5120 657 5163 senatum
670 5113 820 5176 decrevisse,
840 5128 869 5162 ne
888 5114 944 5179 quis
961 5114 988 5162 in
1006 5112 1066 5163 urbe
1082 5115 1231 5181 propriaeve
1245 5132 1274 5182 p.
1290 5116 1358 5166 mille
1376 5114 1495 5167 subsellia
1508 5115 1625 5182 posuisse
1639 5112 1753 5165 sedensue

431 5206 504 5258 ludos
522 5213 635 5274 spectare
652 5206 726 5255 veltet
744 5204 813 5269 (Val.
826 5206 899 5256 Max.
914 5208 939 5268 2,
954 5208 980 5269 t,
995 5207 1030 5269 2).
