3798 5910
429 452 500 523 318
950 472 1222 523 nourriunnrs

469 648 486 705 3
509 646 654 704 Libonem
677 646 847 720 suspicatur
864 646 1021 704 Henaenus
1043 645 1137 704 fuisse
1159 658 1210 703 aut
1228 643 1264 703 L.
1282 644 1468 705 Scribonium
1491 645 1642 703 consulem
1665 665 1694 721 p.
1711 642 1748 702 C.
1869 616 1870 691 ss

433 749 477 819 16,
500 761 550 806 aut
573 747 606 807 C.
626 747 743 806 Vibium
765 749 920 806 suffectum
944 767 971 806 a.
993 748 1110 819 eodem3
1133 747 1291 805 secundum
1315 747 1424 806 Hulam
1447 759 1493 804 est
1513 745 1550 804 L.
1574 745 1750 806 Scribonius
1869 816 1870 823 ἵ

427 850 504 908 Libo
526 852 639 909 amicus
658 850 781 926 Pompei
797 851 897 928 Magni
921 868 1006 908 socer
1026 848 1097 909 Sex.
1112 849 1247 924 Pompei,
1270 868 1359 926 saepe
1382 850 1548 907 nominatus
1570 868 1589 906 a
1603 847 1749 907 Cicerone

428 952 535 1028 (Orelli
559 951 715 1011 Onomast.
737 972 764 1029 p.
783 951 857 1027 528)
880 953 1006 1028 aliisque
1029 952 1093 1011 eius
1119 953 1226 1010 aetatis
1253 951 1460 1028 scriptoribus,
1488 950 1592 1009 consul
1618 970 1685 1008 cum
1707 950 1749 1007 ll.

430 1054 561 1113 Antonio
583 1075 609 1111 a.
628 1053 687 1112 720
735 1053 869 1130 cogitari
891 1073 980 1130 posse
994 1052 1082 1113 eu'am
1105 1054 1142 1112 de
1155 1054 1196 1112 M.
1211 1054 1314 1112 Druso
1329 1052 1442 1111 Libone
1464 1070 1524 1110 eos.
1547 1072 1574 1109 a.
1591 1052 1651 1111 739
1667 1052 1752 1110 addit

429 1159 603 1216 Mommsen.

469 1259 506 1318 1..
535 1258 633 1318 Cinna
662 1260 730 1334 quis
756 1260 857 1330 faerit,
889 1262 918 1317 in
950 1261 1064 1318 incerto
1094 1259 1235 1335 relinquit
1262 1256 1438 1325 Henaemrs3
1471 1256 1551 1315 Hula
1581 1258 1751 1332 suspicatur

429 1383 494 1420 eum
517 1362 610 1420 luisse
633 1370 796 1436 praetorem
820 1382 846 1420 a.
865 1362 938 1431 710,
965 1379 1105 1437 generum
1129 1359 1183 1419 Cn.
1209 1360 1330 1434 Pompei
1354 1359 1513 1430 triumviri,
1540 1370 1653 1433 petrem
1680 1378 1750 1415 con·
1808 1426 1817 1445 ι

422 1464 504 1523 eolis
526 1484 552 1522 a.
569 1484 596 1540 p.
611 1462 645 1522 C.
661 1466 693 1535 53
716 1464 754 1521 de
776 1464 893 1521 homine
915 1466 1063 1540 praetorio
1085 1462 1214 1539 alioquin
1238 1463 1339 1540 ignoto
1360 1461 1502 1538 cogitavit
1517 1461 1726 1519 Mommseuus.

471 1570 488 1624 4
512 1565 548 1624 dc
566 1566 606 1624 M.
623 1564 755 1624 Cornuto
777 1566 914 1642 quaestio
936 1566 1065 1625 difficilis
1086 1576 1147 1634 est3
1168 1585 1234 1622 eum
1257 1563 1309 1639 qui
1329 1563 1496 1621 nominatur
1514 1562 1543 1621 in
1563 1563 1638 1622 actis
1658 1582 1685 1620 a.
1701 1564 1749 1619 14.

430 1667 479 1726 20.
496 1668 530 1725 21
552 1668 701 1728 diversum
722 1686 788 1727 esse
810 1668 847 1726 ab
870 1669 925 1725 hoc
947 1669 1049 1726 statuit
1063 1666 1234 1735 Henzenns‚
1255 1667 1364 1742 quippe
1386 1665 1436 1741 qui
1460 1674 1582 1723 mortem
1605 1666 1668 1741 ipse
1692 1665 1748 1722 sibi

429 1771 609 1829 consciverit
630 1791 656 1828 a.
673 1771 712 1828 24
735 1770 816 1845 (Tac.
831 1790 897 1828 ann.
915 1773 944 1841 4,
966 1769 1034 1844 28),
1061 1770 1187 1827 fortasse
1212 1768 1303 1825 filium
1327 1768 1389 1825 eius
1411 1767 1507 1825 fnisse
1528 1778 1620 1824 ratus.
1667 1766 1751 1825 Hula
1869 1784 1870 1855 3

430 1871 593 1932 Cornutum
616 1872 709 1931 credit
734 1873 825 1931 filium
852 1872 917 1930 eius
942 1873 993 1946 qui
1021 1881 1139 1946 praetor
1166 1888 1199 1929 se
1226 1871 1289 1944 ipse
1317 1868 1463 1928 interfecit
1488 1887 1516 1925 a.
1537 1869 1606 1940 711,
1636 1879 1748 1944 patrem

431 1976 551 2034 alterius
577 1976 628 2051 qui
655 1975 824 2033 nominatur
849 1984 879 2031 et
905 1974 935 2031 in
961 1974 1036 2031 actis
1065 1991 1092 2030 a.
1116 1974 1152 2030 l4
1178 1984 1208 2029 et
1229 1970 1265 2029 21
1294 1980 1323 2028 et
1350 1991 1369 2027 a
1394 1971 1514 2030 Tacitot
1548 1971 1750 2029 Mommseuus
1869 2054 1870 2057 Ἴ

431 2079 557 2152 denique
579 2077 731 2136 contendit
753 2095 841 2133 unum
865 2075 1050 2150 eundemque
1065 2072 1226 2132 Cornutum
1246 2073 1378 2132 adfuisse
1398 2074 1427 2130 in
1447 2072 1575 2148 collegio
1595 2093 1621 2128 a.
1639 2073 1683 2130 14.
1699 2072 1749 2130 20.

432 2182 481 2238 21.
498 2179 547 2251 28,
569 2198 695 2254 eumque
716 2196 783 2236 esse
805 2188 918 2253 patrem
938 2177 1078 2253 praetorii
1101 2176 1182 2234 illius
1204 2176 1288 2234 cuins
1311 2178 1487 2233 mentionem
1510 2176 1581 2232 lacit
1595 2174 1728 2232 Tacitus.

767 2388 818 2448 TI.
843 2386 1008 2448 CAESAR
1029 2387 1120 2447 DIVI
1142 2387 1177 2446 F.
1201 2384 1421 2447 AVGVSTVS

1007 2511 1035 2548 a.
1058 2489 1106 2548 20.
1130 2488 1178 2548 21.

432 2578 454 2635 2
475 2577 677 2654 (inserendum
700 2588 768 2634 aute
789 2595 817 2632 n.
834 2573 948 2665 2024).Χ

474 2682 685 2757 Fragmentum
708 2680 828 2738 tabulae
850 2696 1032 2737 marmoreae
1053 2677 1143 2735 altum
1167 2696 1204 2733 m.
1221 2677 1306 2747 0‚40‚
1334 2675 1423 2733 latum
1446 2673 1518 2746 030
1546 2685 1694 2749 repertum
1721 2673 1749 2730 in

432 2785 610 2843 coemeterio
625 2781 657 2843 S.
669 2781 816 2840 Valentini
835 2781 883 2837 via
896 2780 1055 2851 Flaminia,
1072 2798 1149 2836 nunc
1164 2778 1194 2836 in
1209 2777 1349 2854 repositis
1365 2778 1543 2835 thermarum
1559 2776 1748 2836 Diocletiani.

916 2934 1246 3047 ff]

800 3030 910 3067 -d
940 3039 959 3080 τ
994 3032 1201 3093 erurtvs
1240 3028 1262 3096 ,2
1337 3036 1369 3075 ao

939 3142 954 3183 t
977 3140 1196 3184 caurvnnivs
1219 3123 1290 3181 rlso

939 3245 965 3285 re
986 3241 1139 3286 caeciuvs
1161 3241 1312 3286 connvr

752 3352 763 3389 a
940 3344 1042 3388 rservs
1065 3343 1231 3388 eensrcvs
1264 3343 1310 3386 cu

941 3448 1046 3490 avovn

834 3550 1022 3594 recessere
1044 3563 1051 3576 ·
1075 3549 1115 3591 uu
1139 3563 1146 3576 ·
1168 3547 1273 3590 onvso

995 3644 1158 3693 welo·
1209 3651 1260 3691 rau

891 3753 1150 3810 voyrncrrvs·
1172 3751 1265 3795 cnrsri
1335 3753 1367 3793 uc

740 3863 766 3901 ro

944 4366 1159 4421 rvnnrvaoy

944 4470 1028 4526 Qu·
1050 4468 1158 4510 seven

944 4572 1006 4614 sro
1029 4585 1034 4598 ·
1058 4554 1151 4611 lvnm

945 4672 1149 4715 nerorrev

938 4773 1107 4817 sacriste

742 4881 768 4921 no
830 4792 1034 4987 Ὗ

1034 4932 1079 4976 ’Χ

482 5056 612 5115 Contuli.
646 5055 729 5117 Gatti
745 5059 822 5132 apud
836 5057 1009 5116 Fiorellium
1026 5055 1135 5113 Notizie
1154 5054 1230 5128 deqli
1249 5056 1328 5110 acuoi
1353 5050 1429 5109 1888
1453 5069 1481 5126 p.
1497 5049 1566 5117 501,
1582 5048 1651 5105 lull.
1664 5064 1754 5104 comm.

444 5160 520 5217 1889
544 5181 572 5237 p.
593 5161 648 5218 119
670 5170 701 5218 et
722 5161 751 5217 in
774 5161 875 5217 tabula
896 5158 939 5216 lV
963 5157 1128 5233 imaginem.
