<?xml version="1.0" encoding="UTF-8"?>
<!DOCTYPE html PUBLIC "-//W3C//DTD XHTML 1.0 Transitional//EN"
    "http://www.w3.org/TR/xhtml1/DTD/xhtml1-transitional.dtd">
<html xmlns="http://www.w3.org/1999/xhtml" xml:lang="en" lang="en">
 <head>
  <title>
</title>
<meta http-equiv="Content-Type" content="text/html;charset=utf-8" />
  <meta name='ocr-system' content='tesseract 3.04.00' />
  <meta name='ocr-capabilities' content='ocr_page ocr_carea ocr_par ocr_line ocrx_word'/>
</head>
<body>
  <div class='ocr_page' id='page_1' title='image "./ephemerisepigra20instgoog_0468.png"; bbox 0 0 3768 5912; ppageno 0'>
   <div class='ocr_carea' id='block_1_1' title="bbox 515 543 1445 616">
    <p class='ocr_par' dir='ltr' id='par_1_1' title="bbox 515 543 1445 616">
     <span class='ocr_line' id='line_1_1' title="bbox 515 543 1445 616; baseline 0.001 -2"><span class='ocrx_word' id='word_1_1' title='bbox 515 564 716 615; x_wconf 76' lang='lat' dir='ltr'>couvusuvs</span> <span class='ocrx_word' id='word_1_2' title='bbox 743 565 1061 616; x_wconf 63' lang='lat' dir='ltr'>caementarius</span> <span class='ocrx_word' id='word_1_3' title='bbox 1370 543 1445 615; x_wconf 87' lang='grc'>443</span> 
     </span>
    </p>
   </div>
   <div class='ocr_carea' id='block_1_2' title="bbox 230 750 1263 1561">
    <p class='ocr_par' dir='ltr' id='par_1_2' title="bbox 284 750 1178 937">
     <span class='ocr_line' id='line_1_2' title="bbox 284 750 1104 831; baseline -0.002 -20"><span class='ocrx_word' id='word_1_4' title='bbox 284 751 361 811; x_wconf 85' lang='lat' dir='ltr'>Filia</span> <span class='ocrx_word' id='word_1_5' title='bbox 384 771 452 811; x_wconf 88' lang='lat' dir='ltr'>cum</span> <span class='ocrx_word' id='word_1_6' title='bbox 474 760 567 812; x_wconf 76' lang='lat' dir='ltr'>metm</span> <span class='ocrx_word' id='word_1_7' title='bbox 591 758 644 831; x_wconf 78' lang='lat' dir='ltr'>est,</span> <span class='ocrx_word' id='word_1_8' title='bbox 669 754 778 830; x_wconf 80' lang='lat' dir='ltr'>hospes</span> <span class='ocrx_word' id='word_1_9' title='bbox 800 752 846 811; x_wconf 88' lang='lat' dir='ltr'>sei</span> <span class='ocrx_word' id='word_1_10' title='bbox 867 755 944 812; x_wconf 79' lang='lat' dir='ltr'>forte</span> <span class='ocrx_word' id='word_1_11' title='bbox 967 750 1104 828; x_wconf 79' lang='lat' dir='ltr'>requiris,</span> 
     </span>
     <span class='ocr_line' id='line_1_3' title="bbox 335 850 1178 937; baseline -0.002 -22"><span class='ocrx_word' id='word_1_12' title='bbox 335 856 414 915; x_wconf 86' lang='lat' dir='ltr'>Heio</span> <span class='ocrx_word' id='word_1_13' title='bbox 436 852 527 937; x_wconf 87' lang='lat' dir='ltr'>si[t]a,</span> <span class='ocrx_word' id='word_1_14' title='bbox 551 875 625 932; x_wconf 91' lang='lat' dir='ltr'>quas</span> <span class='ocrx_word' id='word_1_15' title='bbox 646 852 776 935; x_wconf 88' lang='lat' dir='ltr'>rap[u]it</span> <span class='ocrx_word' id='word_1_16' title='bbox 796 856 902 916; x_wconf 88' lang='lat' dir='ltr'>mortis</span> <span class='ocrx_word' id='word_1_17' title='bbox 923 857 1028 915; x_wconf 87' lang='lat' dir='ltr'>acerba</span> <span class='ocrx_word' id='word_1_18' title='bbox 1050 850 1178 935; x_wconf 85' lang='lat' dir='ltr'>[d]i[e]s.</span> 
     </span>
    </p>

    <p class='ocr_par' dir='ltr' id='par_1_3' title="bbox 284 956 1089 1146">
     <span class='ocr_line' id='line_1_4' title="bbox 284 956 1089 1040; baseline -0.002 -21"><span class='ocrx_word' id='word_1_19' title='bbox 284 961 345 1019; x_wconf 82' lang='lat' dir='ltr'>Sed</span> <span class='ocrx_word' id='word_1_20' title='bbox 365 956 475 1040; x_wconf 87' lang='lat' dir='ltr'>pri[u]s</span> <span class='ocrx_word' id='word_1_21' title='bbox 497 960 609 1038; x_wconf 88' lang='lat' dir='ltr'>eripuit</span> <span class='ocrx_word' id='word_1_22' title='bbox 630 960 719 1020; x_wconf 88' lang='lat' dir='ltr'>matri</span> <span class='ocrx_word' id='word_1_23' title='bbox 740 959 794 1037; x_wconf 92' lang='lat' dir='ltr'>qui</span> <span class='ocrx_word' id='word_1_24' title='bbox 815 961 848 1019; x_wconf 86' lang='lat' dir='ltr'>in</span> <span class='ocrx_word' id='word_1_25' title='bbox 871 960 973 1020; x_wconf 90' lang='lat' dir='ltr'>omnia</span> <span class='ocrx_word' id='word_1_26' title='bbox 993 959 1089 1037; x_wconf 86' lang='lat' dir='ltr'>pollet</span> 
     </span>
     <span class='ocr_line' id='line_1_5' title="bbox 336 1059 959 1146; baseline 0.003 -24"><span class='ocrx_word' id='word_1_27' title='bbox 336 1065 475 1124; x_wconf 77' lang='lat' dir='ltr'>Crudelis</span> <span class='ocrx_word' id='word_1_28' title='bbox 498 1059 606 1146; x_wconf 87' lang='lat' dir='ltr'>ca[s]us</span> <span class='ocrx_word' id='word_1_29' title='bbox 627 1065 752 1125; x_wconf 85' lang='lat' dir='ltr'>filiolam</span> <span class='ocrx_word' id='word_1_30' title='bbox 773 1085 790 1124; x_wconf 91' lang='lat' dir='ltr'>e</span> <span class='ocrx_word' id='word_1_31' title='bbox 812 1064 959 1125; x_wconf 89' lang='lat' dir='ltr'>manibus.</span> 
     </span>
    </p>

    <p class='ocr_par' dir='ltr' id='par_1_4' title="bbox 230 1167 1053 1246">
     <span class='ocr_line' id='line_1_6' title="bbox 230 1167 1053 1246; baseline 0 -17"><span class='ocrx_word' id='word_1_32' title='bbox 230 1189 243 1229; x_wconf 79' lang='lat' dir='ltr'>c</span> <span class='ocrx_word' id='word_1_33' title='bbox 281 1169 379 1228; x_wconf 84' lang='lat' dir='ltr'>Paene</span> <span class='ocrx_word' id='word_1_34' title='bbox 400 1167 561 1229; x_wconf 87' lang='lat' dir='ltr'>immatura</span> <span class='ocrx_word' id='word_1_35' title='bbox 582 1176 677 1228; x_wconf 88' lang='lat' dir='ltr'>morte</span> <span class='ocrx_word' id='word_1_36' title='bbox 699 1174 830 1246; x_wconf 89' lang='lat' dir='ltr'>ereptam</span> <span class='ocrx_word' id='word_1_37' title='bbox 853 1169 911 1229; x_wconf 90' lang='lat' dir='ltr'>sibi</span> <span class='ocrx_word' id='word_1_38' title='bbox 931 1175 1053 1245; x_wconf 82' lang='lat' dir='ltr'>gnatum</span> 
     </span>
    </p>

    <p class='ocr_par' dir='ltr' id='par_1_5' title="bbox 336 1269 1058 1353">
     <span class='ocr_line' id='line_1_7' title="bbox 336 1269 1058 1353; baseline 0 -21"><span class='ocrx_word' id='word_1_39' title='bbox 336 1275 407 1332; x_wconf 88' lang='lat' dir='ltr'>Heu</span> <span class='ocrx_word' id='word_1_40' title='bbox 429 1280 575 1349; x_wconf 87' lang='lat' dir='ltr'>quantum</span> <span class='ocrx_word' id='word_1_41' title='bbox 597 1280 692 1333; x_wconf 90' lang='lat' dir='ltr'>mater</span> <span class='ocrx_word' id='word_1_42' title='bbox 716 1270 853 1353; x_wconf 81' lang='lat' dir='ltr'>[fleverit]</span> <span class='ocrx_word' id='word_1_43' title='bbox 878 1269 1058 1353; x_wconf 86' lang='lat' dir='ltr'>in[d]iciost</span> 
     </span>
    </p>

    <p class='ocr_par' dir='ltr' id='par_1_6' title="bbox 283 1372 1263 1561">
     <span class='ocr_line' id='line_1_8' title="bbox 283 1372 1263 1459; baseline -0.003 -23"><span class='ocrx_word' id='word_1_44' title='bbox 283 1379 363 1436; x_wconf 88' lang='lat' dir='ltr'>Nam</span> <span class='ocrx_word' id='word_1_45' title='bbox 384 1386 543 1455; x_wconf 85' lang='lat' dir='ltr'>postquam</span> <span class='ocrx_word' id='word_1_46' title='bbox 564 1372 685 1459; x_wconf 90' lang='lat' dir='ltr'>[caram]</span> <span class='ocrx_word' id='word_1_47' title='bbox 708 1386 738 1439; x_wconf 86' lang='lat' dir='ltr'>et</span> <span class='ocrx_word' id='word_1_48' title='bbox 759 1384 953 1438; x_wconf 88' lang='lat' dir='ltr'>monumento</span> <span class='ocrx_word' id='word_1_49' title='bbox 974 1379 1032 1436; x_wconf 88' lang='lat' dir='ltr'>hoc</span> <span class='ocrx_word' id='word_1_50' title='bbox 1055 1374 1263 1435; x_wconf 74' lang='lat' dir='ltr'>condecoravit</span> 
     </span>
     <span class='ocr_line' id='line_1_9' title="bbox 336 1480 1077 1561; baseline -0.001 -21"><span class='ocrx_word' id='word_1_51' title='bbox 336 1484 476 1561; x_wconf 79' lang='lat' dir='ltr'>Gnatam,</span> <span class='ocrx_word' id='word_1_52' title='bbox 500 1482 674 1559; x_wconf 82' lang='lat' dir='ltr'>perlectus</span> <span class='ocrx_word' id='word_1_53' title='bbox 696 1481 827 1542; x_wconf 83' lang='lat' dir='ltr'>reddidit</span> <span class='ocrx_word' id='word_1_54' title='bbox 849 1481 916 1559; x_wconf 89' lang='lat' dir='ltr'>ipsa</span> <span class='ocrx_word' id='word_1_55' title='bbox 937 1480 1077 1541; x_wconf 88' lang='lat' dir='ltr'>animam.</span> 
     </span>
    </p>
   </div>
   <div class='ocr_carea' id='block_1_3' title="bbox 125 1712 1448 2734">
    <p class='ocr_par' dir='ltr' id='par_1_7' title="bbox 129 1712 1446 1907">
     <span class='ocr_line' id='line_1_10' title="bbox 171 1712 1446 1804; baseline -0.001 -22"><span class='ocrx_word' id='word_1_56' title='bbox 171 1724 209 1782; x_wconf 89' lang='lat' dir='ltr'>V.</span> <span class='ocrx_word' id='word_1_57' title='bbox 228 1725 246 1782; x_wconf 81' lang='lat'><strong>2</strong></span> <span class='ocrx_word' id='word_1_58' title='bbox 269 1730 343 1782; x_wconf 85' lang='lat' dir='ltr'>extr.</span> <span class='ocrx_word' id='word_1_59' title='bbox 378 1740 452 1797; x_wconf 71' lang='lat' dir='ltr'>ers</span> <span class='ocrx_word' id='word_1_60' title='bbox 479 1725 561 1800; x_wconf 90' lang='lat' dir='ltr'>quod</span> <span class='ocrx_word' id='word_1_61' title='bbox 587 1723 715 1783; x_wconf 79' lang='lat' dir='ltr'>traditur</span> <span class='ocrx_word' id='word_1_62' title='bbox 736 1725 862 1783; x_wconf 81' lang='lat' dir='ltr'>fortasse</span> <span class='ocrx_word' id='word_1_63' title='bbox 884 1720 990 1804; x_wconf 60' lang='lat' dir='ltr'>queldo</span> <span class='ocrx_word' id='word_1_64' title='bbox 1011 1723 1082 1801; x_wconf 86' lang='lat' dir='ltr'>fait,</span> <span class='ocrx_word' id='word_1_65' title='bbox 1105 1742 1159 1801; x_wconf 87' lang='lat' dir='ltr'>pro</span> <span class='ocrx_word' id='word_1_66' title='bbox 1181 1712 1302 1782; x_wconf 84' lang='lat' dir='ltr'>‘mortis</span> <span class='ocrx_word' id='word_1_67' title='bbox 1324 1723 1446 1783; x_wconf 89' lang='lat' dir='ltr'>acerbae</span> 
     </span>
     <span class='ocr_line' id='line_1_11' title="bbox 129 1814 958 1907; baseline 0 -21"><span class='ocrx_word' id='word_1_68' title='bbox 129 1814 247 1904; x_wconf 82' lang='lat' dir='ltr'>quies&#39;3</span> <span class='ocrx_word' id='word_1_69' title='bbox 269 1835 304 1886; x_wconf 88' lang='lat' dir='ltr'>nt</span> <span class='ocrx_word' id='word_1_70' title='bbox 327 1826 454 1904; x_wconf 76' lang='lat' dir='ltr'>Vergilii</span> <span class='ocrx_word' id='word_1_71' title='bbox 472 1828 548 1888; x_wconf 80' lang='lat' dir='ltr'>duro</span> <span class='ocrx_word' id='word_1_72' title='bbox 569 1830 645 1907; x_wconf 76' lang='lat' dir='ltr'>quiea</span> <span class='ocrx_word' id='word_1_73' title='bbox 666 1831 696 1887; x_wconf 86' lang='lat' dir='ltr'>X</span> <span class='ocrx_word' id='word_1_74' title='bbox 720 1830 781 1887; x_wconf 78' lang='grc'>745</span> <span class='ocrx_word' id='word_1_75' title='bbox 804 1829 864 1888; x_wconf 87' lang='lat' dir='ltr'>XII</span> <span class='ocrx_word' id='word_1_76' title='bbox 887 1828 958 1888; x_wconf 76' lang='lat'><strong>309.</strong></span> 
     </span>
    </p>

    <p class='ocr_par' dir='ltr' id='par_1_8' title="bbox 125 1930 1447 2216">
     <span class='ocr_line' id='line_1_12' title="bbox 173 1930 1447 2010; baseline -0.002 -19"><span class='ocrx_word' id='word_1_77' title='bbox 173 1933 192 1991; x_wconf 83' lang='lat'>6</span> <span class='ocrx_word' id='word_1_78' title='bbox 215 1938 290 1990; x_wconf 84' lang='lat' dir='ltr'>extr.</span> <span class='ocrx_word' id='word_1_79' title='bbox 319 1947 528 1993; x_wconf 72' lang='lat' dir='ltr'>rus1c10c1osu</span> <span class='ocrx_word' id='word_1_80' title='bbox 554 1951 628 1992; x_wconf 91' lang='lat' dir='ltr'>num</span> <span class='ocrx_word' id='word_1_81' title='bbox 653 1938 733 1991; x_wconf 89' lang='lat' dir='ltr'>recte</span> <span class='ocrx_word' id='word_1_82' title='bbox 755 1932 946 1993; x_wconf 88' lang='lat' dir='ltr'>emendatum</span> <span class='ocrx_word' id='word_1_83' title='bbox 972 1932 1012 1992; x_wconf 88' lang='lat' dir='ltr'>sit</span> <span class='ocrx_word' id='word_1_84' title='bbox 1039 1938 1139 2009; x_wconf 80' lang='lat' dir='ltr'>potest</span> <span class='ocrx_word' id='word_1_85' title='bbox 1160 1930 1303 2010; x_wconf 85' lang='lat' dir='ltr'>dubitari,</span> <span class='ocrx_word' id='word_1_86' title='bbox 1333 1930 1447 1991; x_wconf 86' lang='lat' dir='ltr'>scilicet</span> 
     </span>
     <span class='ocr_line' id='line_1_13' title="bbox 126 2034 1447 2123; baseline 0.002 -31"><span class='ocrx_word' id='word_1_87' title='bbox 126 2039 164 2092; x_wconf 87' lang='lat' dir='ltr'>ut</span> <span class='ocrx_word' id='word_1_88' title='bbox 185 2034 377 2112; x_wconf 81' lang='lat' dir='ltr'>intellegetur</span> <span class='ocrx_word' id='word_1_89' title='bbox 398 2041 502 2123; x_wconf 82' lang='lat' dir='ltr'>mater,</span> <span class='ocrx_word' id='word_1_90' title='bbox 526 2038 607 2112; x_wconf 87' lang='lat' dir='ltr'>quod</span> <span class='ocrx_word' id='word_1_91' title='bbox 628 2043 747 2096; x_wconf 88' lang='lat' dir='ltr'>mortua</span> <span class='ocrx_word' id='word_1_92' title='bbox 769 2044 822 2114; x_wconf 80' lang='lat' dir='ltr'>eet,</span> <span class='ocrx_word' id='word_1_93' title='bbox 845 2034 959 2096; x_wconf 89' lang='lat' dir='ltr'>indicio</span> <span class='ocrx_word' id='word_1_94' title='bbox 982 2040 1028 2095; x_wconf 90' lang='lat' dir='ltr'>est</span> <span class='ocrx_word' id='word_1_95' title='bbox 1049 2042 1196 2112; x_wconf 88' lang='lat' dir='ltr'>quantum</span> <span class='ocrx_word' id='word_1_96' title='bbox 1217 2034 1341 2095; x_wconf 85' lang='lat' dir='ltr'>fleverit</span> <span class='ocrx_word' id='word_1_97' title='bbox 1384 2036 1447 2094; x_wconf 79' lang='lat' dir='ltr'>llx-</span> 
     </span>
     <span class='ocr_line' id='line_1_14' title="bbox 125 2126 1440 2216; baseline 0.005 -20"><span class='ocrx_word' id='word_1_98' title='bbox 125 2144 285 2214; x_wconf 87' lang='lat' dir='ltr'>pectamua</span> <span class='ocrx_word' id='word_1_99' title='bbox 306 2139 408 2216; x_wconf 88' lang='lat' dir='ltr'>potius</span> <span class='ocrx_word' id='word_1_100' title='bbox 429 2127 494 2198; x_wconf 80' lang='lat' dir='ltr'>‘hic</span> <span class='ocrx_word' id='word_1_101' title='bbox 516 2140 594 2216; x_wconf 87' lang='lat' dir='ltr'>lapis</span> <span class='ocrx_word' id='word_1_102' title='bbox 616 2138 729 2199; x_wconf 92' lang='lat' dir='ltr'>indicio</span> <span class='ocrx_word' id='word_1_103' title='bbox 752 2128 820 2199; x_wconf 85' lang='lat' dir='ltr'>est&#39;.</span> <span class='ocrx_word' id='word_1_104' title='bbox 1438 2126 1440 2131; x_wconf 36' lang='lat'>⁵</span> 
     </span>
    </p>

    <p class='ocr_par' dir='ltr' id='par_1_9' title="bbox 126 2244 1448 2425">
     <span class='ocr_line' id='line_1_15' title="bbox 175 2244 1448 2323; baseline 0.001 -23"><span class='ocrx_word' id='word_1_105' title='bbox 175 2245 192 2300; x_wconf 91' lang='grc'><strong>7</strong></span> <span class='ocrx_word' id='word_1_106' title='bbox 217 2250 369 2321; x_wconf 74' lang='lat' dir='ltr'>portqamn</span> <span class='ocrx_word' id='word_1_107' title='bbox 398 2251 424 2301; x_wconf 80' lang='lat' dir='ltr'>et</span> <span class='ocrx_word' id='word_1_108' title='bbox 452 2264 549 2304; x_wconf 85' lang='lat' dir='ltr'>coram</span> <span class='ocrx_word' id='word_1_109' title='bbox 576 2246 782 2323; x_wconf 75' lang='lat' dir='ltr'>Burmannus,</span> <span class='ocrx_word' id='word_1_110' title='bbox 807 2251 960 2321; x_wconf 72' lang='lat' dir='ltr'>postquam</span> <span class='ocrx_word' id='word_1_111' title='bbox 989 2245 1093 2303; x_wconf 73' lang='lat' dir='ltr'>morule</span> <span class='ocrx_word' id='word_1_112' title='bbox 1122 2252 1149 2302; x_wconf 81' lang='lat' dir='ltr'>et</span> <span class='ocrx_word' id='word_1_113' title='bbox 1176 2244 1330 2320; x_wconf 79' lang='lat' dir='ltr'>Meyerus3</span> <span class='ocrx_word' id='word_1_114' title='bbox 1358 2250 1393 2302; x_wconf 88' lang='lat' dir='ltr'>ut</span> <span class='ocrx_word' id='word_1_115' title='bbox 1421 2251 1448 2301; x_wconf 81' lang='lat' dir='ltr'>et</span> 
     </span>
     <span class='ocr_line' id='line_1_16' title="bbox 126 2344 517 2425; baseline 0.005 -21"><span class='ocrx_word' id='word_1_116' title='bbox 126 2344 263 2422; x_wconf 89' lang='lat' dir='ltr'>positum</span> <span class='ocrx_word' id='word_1_117' title='bbox 285 2347 325 2406; x_wconf 90' lang='lat' dir='ltr'>sit</span> <span class='ocrx_word' id='word_1_118' title='bbox 350 2368 403 2425; x_wconf 91' lang='lat' dir='ltr'>pro</span> <span class='ocrx_word' id='word_1_119' title='bbox 426 2347 517 2406; x_wconf 67' lang='lat' dir='ltr'>etium</span> 
     </span>
    </p>

    <p class='ocr_par' dir='ltr' id='par_1_10' title="bbox 126 2432 1447 2734">
     <span class='ocr_line' id='line_1_17' title="bbox 170 2432 1447 2530; baseline 0 -21"><span class='ocrx_word' id='word_1_120' title='bbox 170 2432 286 2510; x_wconf 72' lang='lat' dir='ltr'>Versus</span> <span class='ocrx_word' id='word_1_121' title='bbox 307 2470 370 2510; x_wconf 91' lang='lat' dir='ltr'>non</span> <span class='ocrx_word' id='word_1_122' title='bbox 391 2452 555 2527; x_wconf 86' lang='lat' dir='ltr'>aequaliter</span> <span class='ocrx_word' id='word_1_123' title='bbox 571 2452 725 2512; x_wconf 82' lang='lat' dir='ltr'>distributi</span> <span class='ocrx_word' id='word_1_124' title='bbox 739 2460 818 2530; x_wconf 79' lang='lat' dir='ltr'>sunt,</span> <span class='ocrx_word' id='word_1_125' title='bbox 843 2451 964 2512; x_wconf 88' lang='lat' dir='ltr'>dicendi</span> <span class='ocrx_word' id='word_1_126' title='bbox 978 2457 1008 2511; x_wconf 91' lang='lat' dir='ltr'>et</span> <span class='ocrx_word' id='word_1_127' title='bbox 1029 2451 1180 2512; x_wconf 89' lang='lat' dir='ltr'>scribendi</span> <span class='ocrx_word' id='word_1_128' title='bbox 1201 2469 1297 2528; x_wconf 89' lang='lat' dir='ltr'>genna</span> <span class='ocrx_word' id='word_1_129' title='bbox 1320 2457 1447 2510; x_wconf 61' lang='lat' dir='ltr'>acutam</span> 
     </span>
     <span class='ocr_line' id='line_1_18' title="bbox 126 2553 1447 2634; baseline -0.001 -21"><span class='ocrx_word' id='word_1_130' title='bbox 126 2553 325 2614; x_wconf 87' lang='lat' dir='ltr'>sivsliberae</span> <span class='ocrx_word' id='word_1_131' title='bbox 346 2555 550 2633; x_wconf 86' lang='lat' dir='ltr'>reipublicae</span> <span class='ocrx_word' id='word_1_132' title='bbox 573 2554 653 2634; x_wconf 88' lang='lat' dir='ltr'>sapit</span> <span class='ocrx_word' id='word_1_133' title='bbox 678 2556 741 2616; x_wconf 86' lang='lat' dir='ltr'>sive</span> <span class='ocrx_word' id='word_1_134' title='bbox 763 2559 920 2633; x_wconf 81' lang='lat' dir='ltr'>Augustae</span> <span class='ocrx_word' id='word_1_135' title='bbox 948 2554 1096 2634; x_wconf 82' lang='lat' dir='ltr'>ineuntis,</span> <span class='ocrx_word' id='word_1_136' title='bbox 1125 2562 1160 2615; x_wconf 93' lang='lat' dir='ltr'>ut</span> <span class='ocrx_word' id='word_1_137' title='bbox 1186 2554 1220 2614; x_wconf 91' lang='lat' dir='ltr'>in</span> <span class='ocrx_word' id='word_1_138' title='bbox 1250 2553 1348 2614; x_wconf 88' lang='lat' dir='ltr'>titulis</span> <span class='ocrx_word' id='word_1_139' title='bbox 1374 2555 1447 2613; x_wconf 82' lang='lat' dir='ltr'>Oar-</span> 
     </span>
     <span class='ocr_line' id='line_1_19' title="bbox 127 2658 503 2734; baseline 0.008 -19"><span class='ocrx_word' id='word_1_140' title='bbox 127 2658 370 2734; x_wconf 76' lang='lat' dir='ltr'>theginiensibus</span> <span class='ocrx_word' id='word_1_141' title='bbox 392 2660 503 2719; x_wconf 87' lang='lat' dir='ltr'>multis.</span> 
     </span>
    </p>
   </div>
   <div class='ocr_carea' id='block_1_4' title="bbox 564 3041 1014 3119">
    <p class='ocr_par' dir='ltr' id='par_1_11' title="bbox 564 3041 1014 3119">
     <span class='ocr_line' id='line_1_20' title="bbox 564 3041 1014 3119; baseline 0.002 -20"><span class='ocrx_word' id='word_1_142' title='bbox 564 3041 678 3101; x_wconf 82' lang='lat' dir='ltr'>xxm.</span> <span class='ocrx_word' id='word_1_143' title='bbox 710 3043 873 3101; x_wconf 75' lang='lat' dir='ltr'>Munera</span> <span class='ocrx_word' id='word_1_144' title='bbox 894 3062 923 3119; x_wconf 81' lang='lat' dir='ltr'>p.</span> <span class='ocrx_word' id='word_1_145' title='bbox 942 3043 1014 3101; x_wconf 76' lang='lat' dir='ltr'>css.</span> 
     </span>
    </p>
   </div>
   <div class='ocr_carea' id='block_1_5' title="bbox 129 3208 1448 4109">
    <p class='ocr_par' dir='ltr' id='par_1_12' title="bbox 129 3208 1448 4109">
     <span class='ocr_line' id='line_1_21' title="bbox 129 3208 1445 3292; baseline 0 -20"><span class='ocrx_word' id='word_1_146' title='bbox 129 3233 160 3273; x_wconf 93' lang='lat' dir='ltr'>n.</span> <span class='ocrx_word' id='word_1_147' title='bbox 187 3215 269 3273; x_wconf 81' lang='lat'>3528</span> <span class='ocrx_word' id='word_1_148' title='bbox 308 3215 414 3273; x_wconf 83' lang='lat' dir='ltr'>Petrus</span> <span class='ocrx_word' id='word_1_149' title='bbox 442 3215 479 3273; x_wconf 84' lang='lat' dir='ltr'>de</span> <span class='ocrx_word' id='word_1_150' title='bbox 508 3216 608 3291; x_wconf 84' lang='lat' dir='ltr'>Leyva</span> <span class='ocrx_word' id='word_1_151' title='bbox 634 3215 668 3275; x_wconf 91' lang='lat' dir='ltr'>in</span> <span class='ocrx_word' id='word_1_152' title='bbox 696 3215 825 3292; x_wconf 84' lang='lat' dir='ltr'>epistula</span> <span class='ocrx_word' id='word_1_153' title='bbox 854 3214 966 3291; x_wconf 88' lang='lat' dir='ltr'>scripta</span> <span class='ocrx_word' id='word_1_154' title='bbox 995 3215 1023 3273; x_wconf 86' lang='lat' dir='ltr'>d</span> <span class='ocrx_word' id='word_1_155' title='bbox 1051 3216 1088 3273; x_wconf 77' lang='lat'>12</span> <span class='ocrx_word' id='word_1_156' title='bbox 1112 3234 1151 3275; x_wconf 91' lang='lat' dir='ltr'>m.</span> <span class='ocrx_word' id='word_1_157' title='bbox 1181 3208 1280 3291; x_wconf 86' lang='lat' dir='ltr'>April.</span> <span class='ocrx_word' id='word_1_158' title='bbox 1311 3234 1336 3272; x_wconf 89' lang='lat' dir='ltr'>a.</span> <span class='ocrx_word' id='word_1_159' title='bbox 1365 3216 1445 3272; x_wconf 87' lang='grc'><strong>1774</strong></span> 
     </span>
     <span class='ocr_line' id='line_1_22' title="bbox 174 3315 1448 3399; baseline -0.002 -22"><span class='ocrx_word' id='word_1_160' title='bbox 174 3315 382 3397; x_wconf 83' lang='lat' dir='ltr'>(llorel-Fatio</span> <span class='ocrx_word' id='word_1_161' title='bbox 404 3317 538 3395; x_wconf 79' lang='lat' dir='ltr'>Rapport</span> <span class='ocrx_word' id='word_1_162' title='bbox 558 3339 587 3395; x_wconf 90' lang='lat' dir='ltr'>p.</span> <span class='ocrx_word' id='word_1_163' title='bbox 606 3322 640 3396; x_wconf 83' lang='lat'>63</span> <span class='ocrx_word' id='word_1_164' title='bbox 663 3318 743 3378; x_wconf 86' lang='lat' dir='ltr'>inira</span> <span class='ocrx_word' id='word_1_165' title='bbox 764 3339 794 3396; x_wconf 89' lang='lat' dir='ltr'>p.</span> <span class='ocrx_word' id='word_1_166' title='bbox 812 3315 885 3399; x_wconf 84' lang='grc'><strong>445)</strong></span> <span class='ocrx_word' id='word_1_167' title='bbox 908 3325 1008 3378; x_wconf 88' lang='lat' dir='ltr'>narrat</span> <span class='ocrx_word' id='word_1_168' title='bbox 1034 3338 1128 3397; x_wconf 90' lang='lat' dir='ltr'>prope</span> <span class='ocrx_word' id='word_1_169' title='bbox 1149 3325 1268 3396; x_wconf 87' lang='lat' dir='ltr'>portum</span> <span class='ocrx_word' id='word_1_170' title='bbox 1290 3317 1324 3375; x_wconf 71' lang='lat' dir='ltr'>de</span> <span class='ocrx_word' id='word_1_171' title='bbox 1345 3317 1448 3376; x_wconf 70' lang='lat' dir='ltr'>Alenu-</span> 
     </span>
     <span class='ocr_line' id='line_1_23' title="bbox 174 3418 1448 3504; baseline -0.001 -22"><span class='ocrx_word' id='word_1_172' title='bbox 174 3443 276 3482; x_wconf 71' lang='lat' dir='ltr'>sarron</span> <span class='ocrx_word' id='word_1_173' title='bbox 302 3418 332 3503; x_wconf 83' lang='lat' dir='ltr'>(c</span> <span class='ocrx_word' id='word_1_174' title='bbox 354 3422 408 3481; x_wconf 77' lang='lat' dir='ltr'>tiro</span> <span class='ocrx_word' id='word_1_175' title='bbox 430 3423 463 3481; x_wconf 78' lang='lat' dir='ltr'>de</span> <span class='ocrx_word' id='word_1_176' title='bbox 482 3423 562 3502; x_wconf 75' lang='lat' dir='ltr'>surii</span> <span class='ocrx_word' id='word_1_177' title='bbox 583 3423 630 3481; x_wconf 84' lang='lat' dir='ltr'>dal</span> <span class='ocrx_word' id='word_1_178' title='bbox 650 3419 764 3504; x_wconf 78' lang='lat' dir='ltr'>puerto]</span> <span class='ocrx_word' id='word_1_179' title='bbox 795 3430 895 3483; x_wconf 86' lang='lat' dir='ltr'>extare</span> <span class='ocrx_word' id='word_1_180' title='bbox 924 3422 1087 3501; x_wconf 84' lang='lat' dir='ltr'>parietinas</span> <span class='ocrx_word' id='word_1_181' title='bbox 1116 3421 1220 3500; x_wconf 90' lang='lat' dir='ltr'>oppidi</span> <span class='ocrx_word' id='word_1_182' title='bbox 1248 3422 1366 3497; x_wconf 89' lang='lat' dir='ltr'>antiqui</span> <span class='ocrx_word' id='word_1_183' title='bbox 1395 3442 1448 3500; x_wconf 88' lang='lat' dir='ltr'>per</span> 
     </span>
     <span class='ocr_line' id='line_1_24' title="bbox 174 3521 1448 3608; baseline -0.002 -23"><span class='ocrx_word' id='word_1_184' title='bbox 174 3528 305 3606; x_wconf 83' lang='lat' dir='ltr'>spatium</span> <span class='ocrx_word' id='word_1_185' title='bbox 331 3527 439 3603; x_wconf 78' lang='lat' dir='ltr'>leugae</span> <span class='ocrx_word' id='word_1_186' title='bbox 468 3527 586 3587; x_wconf 89' lang='lat' dir='ltr'>circiter</span> <span class='ocrx_word' id='word_1_187' title='bbox 614 3528 706 3587; x_wconf 86' lang='lat' dir='ltr'>unius</span> <span class='ocrx_word' id='word_1_188' title='bbox 735 3530 826 3608; x_wconf 83' lang='lat' dir='ltr'>(cerco</span> <span class='ocrx_word' id='word_1_189' title='bbox 853 3530 886 3586; x_wconf 82' lang='lat' dir='ltr'>de</span> <span class='ocrx_word' id='word_1_190' title='bbox 911 3548 970 3586; x_wconf 77' lang='lat' dir='ltr'>unc</span> <span class='ocrx_word' id='word_1_191' title='bbox 998 3527 1078 3605; x_wconf 60' lang='lat' dir='ltr'>teca</span> <span class='ocrx_word' id='word_1_192' title='bbox 1100 3528 1133 3586; x_wconf 84' lang='lat' dir='ltr'>da</span> <span class='ocrx_word' id='word_1_193' title='bbox 1155 3521 1314 3606; x_wconf 59' lang='lat' dir='ltr'>camon).</span> <span class='ocrx_word' id='word_1_194' title='bbox 1360 3527 1448 3584; x_wconf 88' lang='lat' dir='ltr'>Putat</span> 
     </span>
     <span class='ocr_line' id='line_1_25' title="bbox 174 3629 1447 3709; baseline -0.001 -20"><span class='ocrx_word' id='word_1_195' title='bbox 174 3631 319 3707; x_wconf 92' lang='lat' dir='ltr'>oppidum</span> <span class='ocrx_word' id='word_1_196' title='bbox 339 3629 418 3691; x_wconf 88' lang='lat' dir='ltr'>illud</span> <span class='ocrx_word' id='word_1_197' title='bbox 438 3638 590 3691; x_wconf 85' lang='lat' dir='ltr'>vetustum</span> <span class='ocrx_word' id='word_1_198' title='bbox 609 3632 713 3692; x_wconf 89' lang='lat' dir='ltr'>cadere</span> <span class='ocrx_word' id='word_1_199' title='bbox 734 3632 767 3690; x_wconf 86' lang='lat' dir='ltr'>in</span> <span class='ocrx_word' id='word_1_200' title='bbox 788 3633 889 3691; x_wconf 92' lang='lat' dir='ltr'>locum</span> <span class='ocrx_word' id='word_1_201' title='bbox 903 3651 981 3709; x_wconf 88' lang='lat' dir='ltr'>aum,</span> <span class='ocrx_word' id='word_1_202' title='bbox 1006 3650 1095 3707; x_wconf 91' lang='lat' dir='ltr'>quem</span> <span class='ocrx_word' id='word_1_203' title='bbox 1110 3631 1299 3690; x_wconf 89' lang='lat' dir='ltr'>Ptolemaeus</span> <span class='ocrx_word' id='word_1_204' title='bbox 1314 3633 1447 3689; x_wconf 86' lang='lat' dir='ltr'>Lucento</span> 
     </span>
     <span class='ocr_line' id='line_1_26' title="bbox 173 3733 1448 3812; baseline 0 -20"><span class='ocrx_word' id='word_1_205' title='bbox 173 3733 299 3812; x_wconf 81' lang='lat' dir='ltr'>tribuat3</span> <span class='ocrx_word' id='word_1_206' title='bbox 329 3737 410 3796; x_wconf 87' lang='lat' dir='ltr'>unde</span> <span class='ocrx_word' id='word_1_207' title='bbox 437 3737 494 3796; x_wconf 90' lang='lat' dir='ltr'>hoc</span> <span class='ocrx_word' id='word_1_208' title='bbox 522 3738 691 3796; x_wconf 83' lang='lat' dir='ltr'>Lucentum</span> <span class='ocrx_word' id='word_1_209' title='bbox 719 3736 870 3796; x_wconf 85' lang='lat' dir='ltr'>diversum</span> <span class='ocrx_word' id='word_1_210' title='bbox 903 3755 968 3795; x_wconf 88' lang='lat' dir='ltr'>esse</span> <span class='ocrx_word' id='word_1_211' title='bbox 998 3735 1139 3811; x_wconf 87' lang='lat' dir='ltr'>opinatur</span> <span class='ocrx_word' id='word_1_212' title='bbox 1166 3737 1202 3794; x_wconf 87' lang='lat' dir='ltr'>ab</span> <span class='ocrx_word' id='word_1_213' title='bbox 1233 3735 1326 3793; x_wconf 84' lang='lat' dir='ltr'>sltsro</span> <span class='ocrx_word' id='word_1_214' title='bbox 1356 3752 1448 3810; x_wconf 85' lang='lat' dir='ltr'>prope</span> 
     </span>
     <span class='ocr_line' id='line_1_27' title="bbox 174 3837 1447 3920; baseline -0.002 -23"><span class='ocrx_word' id='word_1_215' title='bbox 174 3837 321 3916; x_wconf 56' lang='lat' dir='ltr'>Altonum</span> <span class='ocrx_word' id='word_1_216' title='bbox 344 3860 443 3899; x_wconf 87' lang='lat' dir='ltr'>errore</span> <span class='ocrx_word' id='word_1_217' title='bbox 466 3847 577 3918; x_wconf 85' lang='lat' dir='ltr'>aperto.</span> <span class='ocrx_word' id='word_1_218' title='bbox 615 3840 722 3917; x_wconf 75' lang='lat' dir='ltr'>ibique</span> <span class='ocrx_word' id='word_1_219' title='bbox 737 3841 780 3900; x_wconf 86' lang='lat' dir='ltr'>eit</span> <span class='ocrx_word' id='word_1_220' title='bbox 800 3847 952 3920; x_wconf 86' lang='lat' dir='ltr'>repertum</span> <span class='ocrx_word' id='word_1_221' title='bbox 967 3858 1033 3899; x_wconf 87' lang='lat' dir='ltr'>esse</span> <span class='ocrx_word' id='word_1_222' title='bbox 1047 3838 1171 3897; x_wconf 88' lang='lat' dir='ltr'>titulum</span> <span class='ocrx_word' id='word_1_223' title='bbox 1193 3858 1222 3897; x_wconf 90' lang='lat' dir='ltr'>n.</span> <span class='ocrx_word' id='word_1_224' title='bbox 1242 3839 1336 3917; x_wconf 80' lang='lat'><strong>3528,</strong></span> <span class='ocrx_word' id='word_1_225' title='bbox 1359 3856 1447 3913; x_wconf 92' lang='lat' dir='ltr'>quem</span> 
     </span>
     <span class='ocr_line' id='line_1_28' title="bbox 174 3941 1437 4023; baseline -0.002 -21"><span class='ocrx_word' id='word_1_226' title='bbox 174 3942 311 4020; x_wconf 89' lang='lat' dir='ltr'>depingit</span> <span class='ocrx_word' id='word_1_227' title='bbox 332 3944 455 4004; x_wconf 88' lang='lat' dir='ltr'>modulo</span> <span class='ocrx_word' id='word_1_228' title='bbox 478 3943 637 4022; x_wconf 71' lang='lat' dir='ltr'>archetypi.</span> <span class='ocrx_word' id='word_1_229' title='bbox 683 3945 774 4005; x_wconf 84' lang='lat' dir='ltr'>Altus</span> <span class='ocrx_word' id='word_1_230' title='bbox 795 3951 842 4004; x_wconf 89' lang='lat' dir='ltr'>est</span> <span class='ocrx_word' id='word_1_231' title='bbox 863 3964 902 4005; x_wconf 89' lang='lat' dir='ltr'>m.</span> <span class='ocrx_word' id='word_1_232' title='bbox 923 3945 1006 4023; x_wconf 65' lang='lat'><strong>020,</strong></span> <span class='ocrx_word' id='word_1_233' title='bbox 1030 3943 1110 4003; x_wconf 87' lang='lat' dir='ltr'>latus</span> <span class='ocrx_word' id='word_1_234' title='bbox 1133 3944 1217 4020; x_wconf 64' lang='lat'>025,</span> <span class='ocrx_word' id='word_1_235' title='bbox 1239 3941 1348 4001; x_wconf 88' lang='lat' dir='ltr'>litteris</span> <span class='ocrx_word' id='word_1_236' title='bbox 1369 3959 1437 3999; x_wconf 85' lang='lat' dir='ltr'>eaeo</span> 
     </span>
     <span class='ocr_line' id='line_1_29' title="bbox 174 4034 889 4109; baseline 0.001 -3"><span class='ocrx_word' id='word_1_237' title='bbox 174 4047 237 4107; x_wconf 82' lang='lat' dir='ltr'>iere</span> <span class='ocrx_word' id='word_1_238' title='bbox 258 4049 298 4108; x_wconf 85' lang='lat'>11.</span> <span class='ocrx_word' id='word_1_239' title='bbox 342 4034 416 4108; x_wconf 71' lang='lat' dir='ltr'>lm</span> <span class='ocrx_word' id='word_1_240' title='bbox 442 4056 515 4108; x_wconf 85' lang='lat' dir='ltr'>extr.</span> <span class='ocrx_word' id='word_1_241' title='bbox 548 4066 563 4109; x_wconf 92' lang='lat' dir='ltr'>s</span> <span class='ocrx_word' id='word_1_242' title='bbox 586 4048 698 4108; x_wconf 85' lang='lat' dir='ltr'>excidit</span> <span class='ocrx_word' id='word_1_243' title='bbox 718 4048 752 4107; x_wconf 93' lang='lat' dir='ltr'>in</span> <span class='ocrx_word' id='word_1_244' title='bbox 774 4049 889 4107; x_wconf 88' lang='lat' dir='ltr'>lacuna.</span> 
     </span>
    </p>
   </div>
   <div class='ocr_carea' id='block_1_6' title="bbox 132 4246 1432 4438">
    <p class='ocr_par' dir='ltr' id='par_1_13' title="bbox 132 4246 1432 4438">
     <span class='ocr_line' id='line_1_30' title="bbox 132 4246 1432 4334; baseline -0.002 -20"><span class='ocrx_word' id='word_1_245' title='bbox 132 4246 198 4316; x_wconf 72' lang='grc'>195</span> <span class='ocrx_word' id='word_1_246' title='bbox 221 4255 410 4333; x_wconf 78' lang='lat' dir='ltr'>Montecpudo</span> <span class='ocrx_word' id='word_1_247' title='bbox 425 4274 517 4332; x_wconf 89' lang='lat' dir='ltr'>prope</span> <span class='ocrx_word' id='word_1_248' title='bbox 531 4254 688 4334; x_wconf 85' lang='lat' dir='ltr'>Murciam,</span> <span class='ocrx_word' id='word_1_249' title='bbox 705 4255 906 4332; x_wconf 75' lang='lat' dir='ltr'>fragmentum</span> <span class='ocrx_word' id='word_1_250' title='bbox 919 4254 1039 4314; x_wconf 84' lang='lat' dir='ltr'>tabulae</span> <span class='ocrx_word' id='word_1_251' title='bbox 1054 4273 1172 4333; x_wconf 90' lang='lat' dir='ltr'>aeneae,</span> <span class='ocrx_word' id='word_1_252' title='bbox 1196 4253 1291 4313; x_wconf 87' lang='lat' dir='ltr'>altum</span> <span class='ocrx_word' id='word_1_253' title='bbox 1305 4272 1344 4311; x_wconf 89' lang='lat' dir='ltr'>m.</span> <span class='ocrx_word' id='word_1_254' title='bbox 1363 4255 1432 4312; x_wconf 79' lang='lat' dir='ltr'>ull</span> 
     </span>
     <span class='ocr_line' id='line_1_31' title="bbox 173 4359 771 4438; baseline 0 -20"><span class='ocrx_word' id='word_1_255' title='bbox 173 4359 269 4420; x_wconf 78' lang='lat' dir='ltr'>latum</span> <span class='ocrx_word' id='word_1_256' title='bbox 293 4363 354 4438; x_wconf 81' lang='grc'><strong>0,8.</strong></span> <span class='ocrx_word' id='word_1_257' title='bbox 400 4360 524 4419; x_wconf 87' lang='lat' dir='ltr'>Parisiis</span> <span class='ocrx_word' id='word_1_258' title='bbox 546 4366 644 4418; x_wconf 80' lang='lat' dir='ltr'>servat</span> <span class='ocrx_word' id='word_1_259' title='bbox 665 4359 771 4436; x_wconf 87' lang='lat' dir='ltr'>Engel.</span> 
     </span>
    </p>
   </div>
   <div class='ocr_carea' id='block_1_7' title="bbox 736 4633 853 4884">
    <p class='ocr_par' dir='ltr' id='par_1_14' title="bbox 736 4633 853 4884">
     <span class='ocr_line' id='line_1_32' title="bbox 736 4633 853 4676; baseline 0 0"><span class='ocrx_word' id='word_1_260' title='bbox 736 4633 853 4676; x_wconf 75' lang='lat' dir='ltr'>„ANO</span> 
     </span>
     <span class='ocr_line' id='line_1_33' title="bbox 748 4737 822 4780; baseline -0.027 0"><span class='ocrx_word' id='word_1_261' title='bbox 748 4737 822 4780; x_wconf 78' lang='lat' dir='ltr'>’vll</span> 
     </span>
     <span class='ocr_line' id='line_1_34' title="bbox 775 4843 800 4884; baseline -0.04 0"><span class='ocrx_word' id='word_1_262' title='bbox 775 4843 800 4884; x_wconf 88' lang='lat' dir='ltr'>ll</span> 
     </span>
    </p>
   </div>
   <div class='ocr_carea' id='block_1_8' title="bbox 132 5136 846 5320">
    <p class='ocr_par' dir='ltr' id='par_1_15' title="bbox 132 5136 846 5320">
     <span class='ocr_line' id='line_1_35' title="bbox 132 5136 846 5215; baseline -0.007 -15"><span class='ocrx_word' id='word_1_263' title='bbox 132 5141 284 5200; x_wconf 60' lang='lat' dir='ltr'>murus</span> <span class='ocrx_word' id='word_1_264' title='bbox 305 5139 401 5215; x_wconf 73' lang='lat' dir='ltr'>Engal</span> <span class='ocrx_word' id='word_1_265' title='bbox 423 5137 506 5198; x_wconf 88' lang='lat' dir='ltr'>misit</span> <span class='ocrx_word' id='word_1_266' title='bbox 528 5136 678 5215; x_wconf 87' lang='lat' dir='ltr'>depictam</span> <span class='ocrx_word' id='word_1_267' title='bbox 700 5142 846 5196; x_wconf 84' lang='lat' dir='ltr'>accurate.</span> 
     </span>
     <span class='ocr_line' id='line_1_36' title="bbox 175 5246 788 5320; baseline -0.007 -17"><span class='ocrx_word' id='word_1_268' title='bbox 175 5246 272 5320; x_wconf 80' lang='lat' dir='ltr'>Supra</span> <span class='ocrx_word' id='word_1_269' title='bbox 292 5262 396 5319; x_wconf 83' lang='lat' dir='ltr'>mergo</span> <span class='ocrx_word' id='word_1_270' title='bbox 417 5248 554 5302; x_wconf 85' lang='lat' dir='ltr'>vetustus</span> <span class='ocrx_word' id='word_1_271' title='bbox 576 5247 711 5300; x_wconf 81' lang='lat' dir='ltr'>servatus</span> <span class='ocrx_word' id='word_1_272' title='bbox 734 5248 788 5299; x_wconf 84' lang='lat' dir='ltr'>est</span> 
     </span>
    </p>
   </div>
   <div class='ocr_carea' id='block_1_9' title="bbox 0 0 1891 5912">
    <p class='ocr_par' dir='ltr' id='par_1_16' title="bbox 0 0 1891 5912">
     <span class='ocr_line' id='line_1_37' title="bbox 0 0 1891 5912; baseline 0 0"><span class='ocrx_word' id='word_1_273' title='bbox 0 0 1891 5912; x_wconf 95' lang='lat' dir='ltr'> </span> 
     </span>
    </p>
   </div>
  </div>
 </body>
</html>
