3768 5912
561 538 769 589 couvnuuvs
796 541 1021 591 HISPALENSIS
1371 522 1441 594 381

131 727 266 802 sequitur
288 726 396 786 deinde
418 728 499 786 idem
521 727 712 806 epigramma,
736 728 789 786 sed
810 729 946 788 versibus
969 729 1055 788 aliter
1077 729 1190 789 divisis.
1236 730 1373 790 'Iltulum
1389 733 1447 790 Oa-

133 839 270 909 penatam
291 837 360 907 post
389 835 525 892 auctores
552 831 664 890 saeculi
685 833 759 891 XVI
780 830 855 892 vidit
877 840 907 891 et
935 832 1092 910 descripsit
1112 832 1267 911 Eugenius
1295 836 1447 895 Rormann

131 938 162 995 0.
186 938 231 995 XI
254 938 348 1013 3963,
372 937 453 996 unde
474 944 544 1013 post
564 935 724 995 Pithoeum
741 938 947 996 Burmannum
961 938 1118 1013 Meyerum
1139 938 1218 998 inter
1240 938 1372 998 carmina
1393 958 1449 998 aua

131 1039 319 1118 epigraphica
345 1037 437 1121 (Lips.
458 1037 552 1122 1895)
573 1040 687 1118 recepit
708 1042 908 1100 Buechelerus
931 1038 1057 1121 (1591).
1103 1043 1263 1120 Exemplar
1284 1043 1449 1121 Ilipulense

131 1144 287 1221 antiquum
309 1152 341 1205 et
361 1145 527 1222 genuinum
550 1165 614 1205 esse
640 1146 725 1205 nulla
753 1145 902 1206 dubitatio
929 1155 990 1225 est,
1020 1148 1073 1206 sed
1101 1153 1222 1224 propter
1250 1150 1377 1207 formam
1403 1154 1449 1206 ta·

130 1250 225 1309 bellac
245 1263 276 1308 et
288 1249 457 1310 litterarum
473 1271 490 1309 c
505 1252 625 1328 Capena
639 1250 743 1310 Italiae
765 1270 801 1310 eo
824 1250 956 1309 delatum
978 1249 1155 1311 crediderim
1176 1272 1195 1310 a
1216 1253 1304 1312 docto
1319 1253 1449 1328 quodam

131 1353 359 1430 peregrinatura.
410 1354 523 1414 Mirum
554 1375 626 1414 sane
658 1353 685 1413 si
716 1355 749 1413 in
779 1355 925 1413 Fabatum
956 1356 1090 1432 alterum,
1123 1376 1142 1414 a
1168 1354 1263 1414 Iuliae
1289 1355 1449 1414 Marcellae

130 1457 211 1517 illius
232 1459 342 1518 marito
358 1459 517 1539 diversum,
533 1459 643 1519 iterum
658 1458 826 1518 adhibitum
841 1469 921 1518 esset
935 1480 972 1518 ex
988 1459 1101 1536 sylloge
1118 1459 1220 1535 aliqua
1234 1461 1447 1539 exemplorum,

131 1562 269 1638 qualibus
291 1563 436 1639 lapicidas
458 1584 530 1624 usos
553 1584 618 1624 csse
640 1563 761 1641 saepius
792 1566 982 1623 observatum
1011 1572 1071 1640 est,
1102 1564 1197 1623 veluti
1225 1566 1263 1623 ab
1290 1566 1449 1623 Edmundo

131 1668 172 1725 Le
195 1668 294 1727 Blant.
339 1668 365 1725 Ε
388 1670 464 1727 Caro
487 1668 645 1746 exscripsit
665 1668 841 1744 Mayanaius
863 1677 893 1728 et
913 1667 998 1727 misit
1018 1670 1106 1727 Petro
1128 1670 1301 1728 Burmanno
1324 1669 1448 1727 Antbol.

131 1779 187 1831 vet
211 1771 308 1849 epigr.
331 1772 429 1832 Latin.
453 1774 512 1833 vol.
530 1775 559 1833 Π
579 1768 686 1854 (1773)
708 1793 737 1849 p.
755 1774 836 1852 XIV,
861 1772 914 1848 qui
937 1773 1109 1849 exemplum
1130 1774 1188 1831 hoc
1210 1792 1247 1831 cx
1269 1772 1375 1832 Italico
1397 1773 1450 1830 de-

132 1875 277 1952 scriptum
298 1876 415 1954 putavit
437 1873 475 1959 [v.
500 1897 591 1955 supra
612 1897 640 1953 p.
664 1874 747 1957 352).
785 1877 920 1937 Titulum
943 1896 1100 1936 enumero
1116 1876 1451 1954 cryptocbristiancrum

133 2000 197 2039 csse
220 1981 391 2041 observavit
411 1981 597 2042 Hirschfeld.

401 2210 455 2268 ΠΙ.
500 2209 780 2268 AERIFODINAE
801 2208 878 2267 1210
905 2207 1032 2267 ΤΙΝΤΟ
1053 2228 1082 2285 p.
1108 2210 1179 2268 834.

216 2331 253 2388 In
277 2328 452 2389 aerifodinis
475 2330 610 2409 vetustis,
633 2349 710 2405 quac
730 2348 811 2388 nunc
827 2338 1003 2389 exercentur
1018 2350 1036 2388 a
1051 2329 1192 2389 societate
1206 2329 1387 2408 Britannica,
1404 2350 1452 2389 res

132 2432 272 2509 antiquas
293 2434 403 2494 multas
426 2434 545 2512 prodire
567 2442 684 2510 praeter
706 2433 794 2512 alios,
827 2453 903 2509 quos
925 2442 1014 2493 antea
1035 2434 1095 2493 iam
1118 2433 1281 2493 memoravi
1303 2430 1332 2514 (l.
1357 2453 1380 2493 s.
1405 2430 1449 2514 s),

131 2538 215 2598 testis
236 2538 314 2597 mihi
335 2547 381 2598 est
402 2538 606 2615 peregrinator
627 2537 790 2598 Britannus
813 2539 970 2598 Eduardus
992 2542 1021 2598 S.
1039 2539 1193 2616 Dodgson,
1215 2539 1265 2596 oui
1281 2539 1375 2599 debeo
1398 2540 1452 2597 ob-

133 2642 318 2702 servationes
339 2643 376 2701 de
397 2642 572 2718 regionibus
594 2642 657 2701 illis
678 2643 790 2702 multas
817 2650 847 2702 at
867 2643 968 2703 utiles.
1018 2645 1048 2702 Is
1070 2643 1147 2702 vidit
1167 2643 1201 2701 in
1222 2643 1288 2701 vico
1310 2643 1453 2703 aerifodi·

133 2767 240 2806 narum
263 2747 392 2825 illarum,
417 2747 528 2822 quibus
545 2748 668 2807 Tharais
689 2767 801 2807 nomen
822 2747 1058 2807 vetustissimum
1074 2756 1104 2808 et
1125 2767 1220 2825 paene
1242 2748 1413 2806 fabulosum
1436 2768 1452 2805 e

133 2852 282 2928 scriptura
303 2872 385 2911 sacra
407 2871 504 2928 nuper
524 2850 654 2911 inditum
676 2860 736 2930 est,
764 2854 965 2927 fragmentum
987 2852 1069 2927 quod
1094 2852 1174 2911 infra
1199 2851 1288 2929 posui
1310 2851 1394 2910 tituli
1419 2859 1454 2909 ut

132 2955 250 3015 videtur
273 2955 448 3033 sepulcralis
469 2977 531 3015 non
554 2957 627 3015 satis
649 2957 847 3034 perspicuum.
894 2957 975 3015 Hlud
996 2962 1112 3016 tantum
1139 2955 1332 3033 intellegitur,
1355 2955 1455 3015 homi-

131 3080 200 3120 nem
222 3082 295 3121 eum
317 3059 403 3120 ouius
425 3061 599 3120 memoriam
622 3062 764 3138 continet,
788 3069 823 3119 ut
836 3062 1008 3120 Reburrum
1023 3060 1109 3118 illum
1124 3059 1272 3118 Limioum
1288 3055 1329 3139 (n.
1348 3056 1452 3139 5353),

131 3165 164 3224 in
184 3167 240 3225 has
262 3166 400 3241 regiones
421 3152 594 3242 pervenisse
617 3185 634 3222 e
656 3165 819 3240 Callaecia,
846 3165 891 3224 ibi
913 3165 995 3224 enim
1018 3165 1158 3224 Camalus
1180 3184 1291 3223 nomen
1313 3165 1454 3239 frequen—

132 3269 284 3329 tissimum
309 3276 363 3330 est.

264 3392 513 3398 m...--.---—
545 3392 573 3397 -..
594 3392 603 3396 -
629 3391 702 3396 .-..-.
716 3392 775 3396 -.---
806 3392 827 3395 .-
874 3391 882 3395 ·
907 3390 948 3397 .-..
997 3389 1288 3396 --ψ--ψ--η--η-

133 3456 173 3525 81
202 3463 341 3541 Tharais,
369 3464 450 3540 apud
479 3462 561 3521 Guil.
584 3462 769 3521 Rutherford
791 3460 982 3539 Britannum,
1007 3460 1184 3519 directorem
1209 3458 1452 3538 aerilodinarum,

176 3568 289 3626 tabella
312 3588 349 3626 ex
372 3566 479 3643 argilla
500 3568 588 3643 iacta,
611 3565 721 3624 litteris
743 3564 915 3640 gracilibus.

753 3735 887 3777 Caum

750 3839 787 3882 VS
799 3840 833 3881 ·T
861 3839 922 3879 actas

752 3946 823 3988 funs

744 4015 830 4092 ἐ’-ἶν’

138 4248 171 4305 E.
195 4250 225 4305 S.
250 4246 396 4321 Dodgson
423 4242 508 4303 misit
534 4262 573 4301 m.
600 4243 687 4300 Febr.
716 4262 741 4301 a.
774 4244 855 4300 1894
890 4262 908 4299 a
938 4260 970 4298 se
1003 4239 1200 4316 descriptam;
1236 4246 1375 4316 ectypum
1408 4240 1456 4299 val

139 4350 301 4428 imaginem
322 4350 560 4426 photographam
582 4346 716 4406 obtinere
739 4348 874 4404 nondum
897 4343 992 4421 potui.

181 4458 219 4514 V.
245 4457 262 4513 3
285 4454 425 4514 videntur
446 4452 549 4529 potius
571 4452 665 4511 fuisse
687 4466 840 4526 s·s1·s·e;
864 4469 934 4508 nam
958 4467 995 4509 su
1016 4451 1117 4526 potuit
1138 4449 1198 4525 legi
1219 4469 1274 4524 pro
1297 4466 1327 4507 Η.
1373 4447 1456 4511 Quid

139 4577 168 4619 v.
186 4563 204 4618 4
220 4560 312 4618 lateat
333 4578 396 4616 non
417 4557 582 4635 perspicio,
606 4576 675 4614 nana
698 4555 747 4613 vix
770 4554 963 4629 cogitandum
984 4572 1040 4611 nec
1062 4555 1103 4611 de
1115 4549 1156 4632 [ab
1175 4548 1238 4633 ho]c
1254 4548 1380 4632 tdmuh]
1394 4554 1456 4611 for-

141 4665 222 4723 mula
244 4664 420 4740 plerumque
443 4661 606 4721 christiana
627 4679 683 4719 nec
705 4661 741 4719 de
764 4667 792 4717 ct
813 4665 843 4716 tu
865 4659 912 4716 vel
934 4657 1092 4735 similibus,
1116 4677 1192 4732 quae
1215 4678 1233 4715 a
1255 4657 1352 4717 titulis
1373 4655 1456 4715 hisce

142 4766 351 4827 semibarbaris
373 4767 472 4826 aliena
494 4774 573 4827 sunt.

551 4996 588 5053 V.
633 4992 899 5050 NERTOBRIGA
920 5011 949 5067 p.
976 4991 1047 5049 835.

229 5119 255 5175 E
281 5117 342 5176 situ
370 5116 474 5193 oppidi
502 5114 630 5174 alicuius
658 5112 782 5193 vetusti,
813 5133 903 5188 quam
933 5112 1037 5170 Volero
1059 5111 1089 5169 lo
1109 5110 1182 5186 ciq‘o
1204 5108 1309 5167 dicunt
1330 5106 1456 5184 incolae,

144 5242 237 5300 prope
267 5223 402 5297 Frejmol
426 5222 460 5280 dc
489 5221 518 5280 lo
545 5219 644 5279 Sicrro
671 5252 715 5262 -
744 5219 901 5276 videbatur
929 5224 1028 5275 autem
1058 5215 1135 5274 situs
1164 5234 1229 5273 esse
1259 5210 1459 5288 Nertobrigae
