3798 5910
443 516 515 586 306
1057 535 1154 587 scra

483 706 595 767 Consul
623 730 649 767 a.
668 707 725 766 723
749 709 810 767 sine
837 708 927 766 dubio
948 711 976 766 is
999 709 1061 783 ipse
1083 717 1142 776 est,
1170 709 1220 783 qui
1243 709 1271 765 in
1296 709 1371 766 actis
1393 727 1418 765 a.
1437 729 1465 784 p.
1481 707 1551 767 Chr.
1570 710 1608 765 lt
1637 708 1762 783 primurn
1867 744 1868 753 ι

484 810 579 869 locum
609 821 689 869 tenet
714 819 782 868 ante
809 808 845 868 L.
876 810 1037 868 Domitium
1069 810 1299 869 Ahenobarbum
1327 827 1390 867 cos.
1418 811 1536 882 a.738,
1566 829 1660 885 neque
1686 810 1764 867 diffi-
1867 798 1868 821 ¹

483 912 619 970 cultatem
641 913 714 971 facit
736 914 815 987 quod
839 913 942 971 statuit
957 912 1036 969 Hula
1058 911 1181 969 eundem
1206 913 1377 988 magistrum
1400 912 1516 987 collegii
1532 912 1625 969 fuisse
1648 931 1675 968 a.
1692 911 1762 966 734.
1867 970 1868 981 ,

484 1012 541 1073 Sed
565 1015 588 1072 si
612 1021 678 1071 scta
700 1023 771 1072 suut
790 1016 860 1072 anni
884 1014 938 1083 28,
962 1034 996 1071 eo
1019 1015 1220 1090 magisterium
1244 1015 1377 1072 dicemus
1404 1014 1572 1090 suscepisse
1595 1010 1650 1071 Cn.
1674 1013 1764 1070 Pom·

483 1117 579 1191 peium
601 1135 741 1194 augurem
764 1116 907 1174 adlectum
930 1135 957 1172 a.
979 1118 1014 1173 14
1037 1125 1067 1174 et
1090 1116 1271 1174 nominatum
1293 1116 1381 1173 stiam
1404 1117 1433 1174 in
1457 1116 1531 1173 actis
1554 1134 1579 1171 a.
1597 1115 1646 1173 20.
1682 1113 1762 1171 Nam

484 1228 566 1292 pater
594 1238 660 1277 cum
689 1220 856 1295 ignoretur,
884 1227 982 1296 potest
1006 1219 1099 1277 fuisse
1126 1229 1156 1275 et
1180 1218 1245 1295 ipse
1273 1217 1377 1293 Quinti
1399 1218 1495 1290 filius,
1521 1216 1641 1293 auguris
1664 1226 1762 1274 autem

483 1320 756 1379 determinationem
779 1342 845 1379 eum
868 1320 1043 1397 deposuisse
1065 1319 1205 1378 defuncto
1221 1321 1284 1378 viro
1307 1320 1481 1396 cognomine
1504 1319 1647 1377 rationem
1663 1319 1763 1376 habet.

486 1422 590 1497 ltaque
612 1442 677 1481 cum
695 1435 818 1498 utraque
841 1424 988 1480 sententia
1003 1421 1058 1481 Cn.
1076 1421 1198 1499 Pompei
1221 1420 1259 1496 Q.
1274 1422 1295 1479 f.
1320 1422 1429 1479 mentio
1445 1432 1524 1480 recte
1545 1422 1763 1479 conciliabitur.

518 1627 691 1703 [MJsssalla
716 1628 855 1686 Cominus
878 1628 920 1701 (v.
941 1627 1002 1701 ll).

484 1727 639 1787 Oratorem
663 1731 814 1788 consulem
838 1751 863 1787 a.
879 1728 936 1786 723
955 1754 991 1778 =
1009 1729 1043 1786 31
1064 1748 1089 1785 a.
1107 1726 1177 1787 Chr.
1198 1748 1264 1786 cum
1287 1728 1432 1806 intellegit
1452 1727 1549 1799 Hula,
1575 1739 1668 1795 errat,
1694 1747 1763 1785 nam

483 1831 525 1887 ita
547 1830 587 1888 M.
605 1829 737 1890 Cornuto
760 1845 838 1889 certe
862 1831 1011 1907 praetorio
1034 1832 1146 1889 bomini
1168 1831 1334 1890 consularis
1356 1831 1543 1890 clarissimus
1565 1831 1762 1907 postponitur.

484 1932 665 1991 Prudentius
688 1934 775 2010 longe
796 1933 968 1992 Hennenius
990 1953 1046 1990 non
1068 1944 1155 2004 resta,
1178 1934 1229 2005 ait,
1251 1934 1325 1991 altro
1348 1935 1396 1992 cle
1418 1953 1434 1991 o
1456 1952 1580 2010 pensare
1600 1935 1632 1990 al
1653 1934 1765 1990 consola

483 2034 553 2092 ‹tett’
573 2054 649 2093 anno
673 2035 726 2106 20,
752 2045 934 2111 quantunque
959 2055 1015 2093 non
1037 2039 1117 2112 porti
1141 2035 1184 2093 ne’
1203 2037 1280 2109 fasti
1300 2036 1323 2091 il
1343 2054 1473 2111 cognoras
1494 2038 1525 2094 di
1550 2034 1685 2105 Corvino,
1713 2054 1763 2110 op·

481 2154 555 2210 pure
580 2141 764 2212 inmaginare
789 2157 827 2195 an
854 2157 904 2195 suo
926 2138 1048 2210 fratello
1074 2138 1123 2195 cle
1148 2137 1234 2195 abbia
1261 2147 1425 2196 conseruato
1456 2139 1522 2213 quel
1546 2157 1625 2195 nome
1650 2137 1765 2206 calabre,

484 2238 639 2315 firmatque
672 2250 751 2297 certe
789 2240 975 2314 aliquatenus
1014 2240 1190 2297 sententiam
1225 2238 1476 2309 Heu-neniarum,
1514 2239 1593 2315 quod
1627 2241 1655 2297 in
1689 2239 1764 2297 actis

484 2359 510 2397 a.
528 2341 563 2398 21
594 2341 624 2397 in
650 2342 777 2418 collegio
806 2342 863 2399 fuit
965 2342 1140 2400 Messal...
1167 2342 1297 2417 quidam,
1324 2360 1410 2417 quem
1436 2342 1573 2417 quisquis
1599 2341 1655 2399 fuit
1682 2341 1764 2415 (nam

484 2461 521 2500 ne
548 2444 605 2500 hoc
631 2443 751 2519 quidem
781 2455 861 2503 certo
888 2454 1013 2521 apparet
1032 2456 1130 2502 utrum
1157 2445 1233 2502 inter
1255 2443 1425 2501 consulares
1447 2443 1609 2501 collocetur
1630 2464 1666 2501 au
1689 2444 1765 2501 inter

485 2545 666 2620 praetorios)
694 2546 847 2622 probabile
876 2556 1009 2604 estesse
1032 2547 1109 2604 bunc
1131 2547 1228 2622 ipsum
1249 2545 1422 2603 Messallam
1450 2542 1623 2604 Corvinum.
1665 2545 1765 2602 Minus

485 2659 571 2705 caute
599 2647 788 2724 reprehendit
814 2647 987 2705 Henaenam
1017 2647 1099 2706 Hula
1126 2659 1248 2725 propter
1274 2648 1471 2705 coniecturam
1504 2649 1642 2723 priorem.
1687 2648 1764 2705 Mes·

484 2747 561 2805 salla
589 2748 637 2807 hic
664 2749 753 2808 homo
780 2769 893 2826 pauper
919 2749 1058 2824 (Tacitus
1085 2769 1151 2807 aun.
1176 2750 1203 2821 3,
1223 2748 1256 2822 2)
1288 2767 1383 2823 neque
1410 2749 1469 2807 ullo
1495 2750 1613 2808 nomine
1640 2750 1764 2825 insignis

485 2868 542 2907 non
565 2852 733 2909 nominatur
755 2852 812 2909 nisi
834 2860 954 2927 propter
976 2852 1163 2910 consulatum
1185 2862 1215 2909 ct
1236 2852 1278 2908 ita
1299 2851 1431 2926 quidem,
1456 2864 1489 2909 ut
1510 2851 1610 2910 missis
1632 2853 1765 2911 testimo·

485 2952 542 3010 niis
564 2970 642 3027 quae
664 2972 769 3011 nomen
793 2963 908 3030 ponunt
922 2963 975 3011 aut
996 2955 1159 3012 breviatum
1174 2965 1226 3011 aut
1247 2953 1395 3024 mutilum,
1419 2954 1506 3028 plena
1520 2973 1596 3030 quse
1610 2954 1765 3012 videantur

484 3055 603 3113 nomina
619 3054 747 3114 habeant
762 3056 896 3113 laterculi
912 3064 1053 3132 quattuor
1069 3055 1234 3126 Arvalium,
1250 3055 1293 3130 (p.
1307 3052 1465 3113 CCXLlV
1478 3055 1628 3130 Heuzen):
1653 3056 1694 3112 M.
1707 3056 1763 3113 Va·

485 3156 571 3216 larius
594 3157 795 3226 Messallinns3
825 3158 943 3234 collegii
971 3159 1188 3234 sexprimorum
1216 3157 1325 3232 (Mina.
1350 3159 1398 3215 dcc
1426 3159 1495 3215 rain.
1518 3159 1649 3216 institute
1672 3158 1764 3215 sold

485 3277 513 3332 p.
530 3258 615 3334 159)=
650 3259 690 3315 Μ.
723 3259 836 3317 Valerio
866 3259 1047 3318 Messal...
1078 3259 1216 3333 (alterum
1244 3277 1408 3336 cognomen
1439 3260 1535 3335 spatio
1564 3259 1763 3334 excluditur);

485 3358 624 3418 Ostiense
647 3358 903 3435 (c.x1V‚244):
931 3362 974 3418 M.
998 3361 1128 3420 Valerius
1144 3360 1300 3431 Messalla3
1323 3360 1431 3418 Dionis
1453 3362 1491 3418 ad
1512 3361 1531 3417 l.
1549 3361 1602 3419 57:
1631 3365 1668 3417 Μ.
1689 3356 1765 3417 Oda-

484 3450 571 3543 nipror
592 3466 631 3519 M.
654 3462 689 3520 υἱ.
712 3464 883 3524 Murrentio.
926 3463 1012 3522 Haec
1034 3483 1092 3521 non
1115 3463 1280 3531 sufficiunt,
1304 3472 1335 3519 ut
1358 3472 1493 3537 nepotem
1517 3482 1658 3541 negemus
1681 3482 1763 3522 usum

485 3582 551 3622 esse
574 3566 621 3622 avi
644 3566 818 3641 cognomine
840 3565 941 3624 altero.
980 3564 1039 3623 Sed
1061 3566 1161 3623 obstat
1178 3565 1342 3623 sententiae
1363 3564 1431 3622 buia
1446 3563 1666 3634 Henzenianse,
1687 3566 1763 3642 quod

485 3667 573 3724 etiam
590 3666 750 3724 secundum
770 3686 835 3725 eam
854 3667 965 3726 homini
982 3668 1130 3744 praetorio
1143 3667 1287 3725 Messalla
1308 3668 1496 3744 postponitur
1512 3668 1628 3725 iuvenis
1647 3680 1764 3726 sanast

485 3768 641 3844 ignobilis,
672 3770 724 3827 sed
752 3779 849 3827 tamen
877 3770 1052 3830 consularis.
1103 3767 1199 3843 Quam
1230 3760 1267 3826 ob
1295 3788 1356 3826 rem
1387 3770 1481 3845 magis
1511 3769 1608 3844 placet
1633 3770 1763 3828 Heuzeni

486 3872 633 3928 sententia
654 3873 750 3929 altera
769 3872 914 3929 nominari
930 3872 987 3929 hoc
1001 3872 1068 3929 loco
1084 3890 1179 3946 neque
1193 3871 1346 3929 consulem
1369 3890 1395 3928 a.
1412 3869 1471 3928 723
1494 3890 1589 3947 neque
1604 3873 1654 3947 qui
1669 3872 1763 3930 fasces

485 3974 582 4047 gessit
603 3993 630 4032 a.
647 3973 697 4043 20,
719 3974 772 4031 sed
789 3975 906 4032 tertium
929 3973 1075 4049 quendam
1097 3975 1199 4050 stirpis
1222 3972 1354 4030 eiusdem
1378 3982 1532 4048 praeterea
1552 3975 1696 4051 ignotum.
1730 3974 1762 4031 Id

486 4083 517 4129 ut
544 4084 640 4132 aetate
664 4078 800 4153 Augusta
822 4077 872 4131 rix
903 4075 1018 4133 admitti
1046 4077 1154 4151 poterit
1179 4077 1209 4131 in
1232 4092 1347 4132 summo
1370 4083 1429 4130 tum
1453 4076 1555 4150 stirpis
1578 4076 1643 4133 sius
1667 4076 1762 4152 splen·

484 4176 571 4246 dore,
600 4197 665 4235 cum
694 4179 875 4252 posteriores
903 4178 1032 4235 oratoris
1059 4196 1125 4235 cum
1153 4186 1326 4254 paupertate
1349 4176 1510 4234 viderimus
1538 4177 1667 4236 luctatos
1689 4196 1763 4247 esse,

486 4279 542 4336 sub
565 4277 687 4337 Tiberio
710 4279 915 4337 difficultatem
937 4298 996 4337 non
1019 4279 1097 4337 facit.

569 4379 615 4438 Eo
638 4381 726 4455 igitur
747 4381 864 4439 deducti
887 4399 1002 4454 sumus,
1024 4392 1057 4439 ut
1078 4400 1144 4439 cum
1167 4382 1261 4439 multa
1281 4381 1420 4458 ambigua
1441 4381 1499 4439 sint
1519 4380 1683 4458 eodemque
1704 4382 1763 4439 iure

484 4481 520 4537 ad
544 4492 699 4557 utrumque
721 4501 829 4540 annum
853 4483 954 4540 referri
978 4483 1104 4559 possint,
1127 4482 1163 4540 de
1186 4480 1241 4541 Cn.
1263 4483 1397 4541 Domitio
1419 4482 1506 4540 etde
1529 4483 1671 4541 Messalla
1692 4482 1764 4541 Gor·

485 4583 553 4639 vino
579 4602 656 4658 quae
689 4584 831 4658 legimus,
864 4584 1076 4643 Henzenianae
1104 4586 1269 4642 sententiae
1298 4585 1431 4656 faveant,
1464 4585 1606 4642 universa
1635 4597 1761 4643 actorum

484 4684 631 4743 ordinatio
660 4686 754 4760 magis
781 4687 937 4745 conveniat
965 4688 1117 4758 Hulanae3
1146 4697 1249 4745 neutra
1278 4687 1320 4744 ita
1348 4694 1520 4761 comparata
1549 4696 1610 4758 est,
1641 4696 1674 4744 ut
1701 4688 1761 4745 sine

484 4786 628 4844 violentia
656 4787 756 4862 aliqua
785 4808 844 4845 rem
875 4789 1023 4865 expediat.
1071 4788 1283 4846 Litteraturam
1311 4788 1486 4847 Huelsenus
1513 4790 1666 4864 quaerenti
1695 4789 1761 4846 mihi

485 4889 640 4965 respondit
661 4890 780 4947 omnino
804 4900 882 4947 stare
904 4910 958 4965 pro
985 4894 1131 4948 sententia
1151 4890 1285 4961 Hulaua;
1314 4892 1511 4969 fragmentum
1534 4891 1571 4948 de
1593 4910 1652 4967 quo
1674 4891 1761 4949 ambi-

486 4991 565 5068 gitur
588 4991 673 5065 plane
696 4990 813 5049 differre
835 4992 872 5049 ab
895 4994 969 5050 actis
990 5013 1015 5050 a
1032 5012 1059 5069 p.
1078 4990 1148 5050 Chr.
1166 4992 1214 5050 27.
1231 4992 1269 5050 28
1292 5003 1322 5049 et
1344 4993 1450 5050 litteris
1472 4994 1613 5068 scriptum
1636 5011 1760 5052 essere

486 5094 662 5151 tustioribus
684 5094 889 5169 similibusque
911 5096 948 5152 iis
970 5114 1045 5168 quae
1067 5106 1225 5152 cernuntur
1246 5097 1276 5152 in
1298 5094 1386 5153 lastis
1405 5092 1592 5169 Capitolinis.
1632 5095 1666 5152 ld
1688 5094 1760 5169 quod

487 5206 624 5270 ectypum
649 5197 772 5253 missum
796 5198 915 5254 omnino
936 5197 1099 5254 confirmat.
