3768 5912
447 527 521 600 436
953 550 1240 600 rreasconmcsrs

436 738 496 796 situ
525 734 646 815 Seqorle
674 734 836 794 hodiernae
865 736 961 795 multo
987 735 1097 795 melius
1127 737 1268 795 convenit
1297 757 1387 813 quam
1413 757 1481 798 cum
1501 737 1666 797 Ercavicae
1693 737 1763 797 sire

438 839 544 900 Cadere
576 841 623 899 del
655 838 777 917 Gri0903
815 847 849 898 ut
882 839 927 898 ibi
959 839 1100 917 exposuit
1132 840 1258 899 Carolus
1289 841 1418 900 Mueller
1450 841 1615 901 Ptolemaei
1648 840 1762 900 editor.

435 949 543 1022 Neque
573 946 672 1004 obstat
698 943 884 1002 Ravennatis
911 943 981 1023 iter,
1014 944 1048 1002 in
1076 962 1136 1019 quo
1169 943 1317 1022 Segobrica
1349 946 1470 1022 ponitur
1499 945 1579 1006 inter
1610 947 1765 1005 caracam

437 1048 522 1128 (Ptol.
547 1050 575 1108 Π
599 1052 627 1127 6,
651 1045 701 1128 56)
725 1053 755 1105 et
776 1046 949 1106 Laminium
970 1044 1013 1127 (it.
1033 1050 1147 1107 Antan.
1171 1068 1200 1124 p.
1224 1052 1297 1127 445,
1321 1050 1351 1107 4.
1376 1051 1446 1126 446,
1464 1047 1505 1128 4).
1553 1048 1624 1109 Duo
1655 1058 1763 1108 autem

437 1154 531 1213 fuisse
574 1152 710 1212 eiusdem
745 1151 924 1229 Segobrigae
957 1151 1091 1211 nominis
1126 1151 1237 1229 oppida
1272 1153 1389 1212 diversa
1423 1172 1574 1228 nusquam
1609 1154 1763 1213 traditum
1856 1140 1857 1161 ¹

436 1277 533 1333 neque
555 1255 711 1334 probabile
734 1261 787 1313 est.
832 1256 937 1331 ltaque
961 1257 1042 1331 quod
1063 1255 1225 1334 Kiepertus
1247 1254 1280 1312 in
1302 1256 1414 1315 formae
1437 1275 1510 1315 suae
1533 1255 1614 1315 orbis
1637 1255 1763 1332 antiqui

437 1362 496 1420 tab.
513 1361 632 1420 XXVII
654 1356 733 1437 (cum
747 1357 1002 1439 adnotationibus)
1018 1359 1213 1437 probabititer
1228 1358 1421 1436 Segobrigam
1436 1360 1578 1420 collocari
1598 1360 1632 1419 in
1649 1360 1762 1419 Cadere

436 1465 483 1522 del
511 1463 614 1540 Grieqo
647 1462 795 1540 concedit,
831 1462 884 1521 sed
916 1471 1016 1522 tamen
1044 1463 1134 1522 etiam
1161 1461 1281 1541 Saporis
1306 1463 1402 1542 urbis,
1434 1485 1509 1539 quae
1540 1485 1594 1541 per
1621 1463 1761 1523 medium

437 1588 543 1627 aevum
570 1566 752 1643 Segobrigae
781 1586 890 1625 nomen
912 1566 1048 1646 retinuit,
1073 1587 1183 1626 nomen
1206 1567 1357 1626 novicium
1378 1566 1549 1648 adscripsit,
1573 1574 1661 1627 caute
1683 1567 1759 1644 egit.

436 1674 543 1747 Neque
572 1678 686 1749 pugnat
722 1690 791 1729 cum
825 1669 946 1748 Sopor-be
979 1670 1063 1730 urbis
1097 1671 1157 1730 situ
1187 1672 1269 1748 quod
1303 1670 1559 1748 Carthaginiensis
1589 1680 1760 1731 conventus

436 1775 495 1834 fuit
523 1794 621 1850 neque
654 1775 735 1850 quod
765 1780 856 1849 capot
882 1774 1061 1834 Celtiberiae
1089 1795 1107 1833 a
1133 1774 1231 1834 Plinio
1261 1774 1384 1853 dicitur,
1417 1782 1522 1853 utpote
1552 1775 1611 1834 sita
1638 1774 1671 1834 in
1702 1795 1760 1834 ex-

435 1878 539 1939 tremis
568 1876 748 1937 Celtiberiae
774 1878 900 1953 finibus3
930 1878 1048 1937 Plinius
1076 1878 1109 1936 in
1138 1879 1194 1957 eis,
1226 1899 1302 1955 quae
1325 1878 1476 1955 Agrippae
1499 1879 1633 1939 elenchis
1654 1879 1760 1938 addita

436 1993 520 2062 sunt,
549 1983 627 2042 solet
649 1985 813 2041 Varronem
841 1980 928 2055 sequi
955 1981 1040 2055 isque
1068 1980 1273 2043 Posidonium.
1320 1981 1464 2042 Similiter
1492 1984 1573 2060 apud
1602 1982 1758 2061 Orosium,

437 2090 489 2165 qui
516 2109 569 2166 per
596 2087 716 2147 Livium
744 2088 871 2145 fortasse
899 2093 929 2144 et
957 2085 1022 2163 ipse
1048 2087 1160 2163 pendet
1185 2109 1222 2146 ex
1250 2086 1427 2165 Posidonio,
1457 2086 1623 2147 Numantia
1645 2088 1759 2147 dicitur

436 2194 467 2252 in
489 2193 580 2268 capite
602 2190 759 2251 Callaeciae
780 2189 847 2266 eila,
878 2190 980 2248 ultim
1003 2188 1166 2249 Celtiberiae
1187 2188 1225 2270 (V
1245 2195 1272 2271 7,
1292 2190 1328 2271 1).
1368 2193 1565 2253 Perseverabo
1588 2193 1680 2268 igitur
1703 2194 1760 2251 Se-

436 2297 593 2373 gobrigam
614 2295 647 2353 in
670 2295 790 2372 Saporda
812 2295 973 2372 collocare,
1001 2296 1170 2369 usquedum
1192 2297 1340 2354 contraria
1367 2296 1544 2375 probentur,
1572 2317 1758 2373 quamquam

436 2402 480 2460 ibi
503 2403 562 2460 duo
586 2407 702 2459 tantum
723 2398 807 2458 tituli
829 2399 1011 2475 sepulcrales
1032 2397 1150 2456 inventi
1171 2404 1242 2458 sunt
1263 2394 1539 2480 (113986.3ssr);
1561 2419 1651 2459 nemo
1672 2400 1757 2459 enim

436 2504 552 2583 peritus
575 2523 708 2578 unquam
729 2504 833 2561 urbem
862 2502 947 2561 illam
969 2501 1044 2561 adiit
1066 2502 1220 2578 multoque
1242 2501 1344 2561 minus
1366 2502 1579 2563 effossionibus
1605 2503 1756 2565 institutis

437 2609 528 2667 situm
551 2609 616 2666 eius
639 2606 815 2685 exploravit.

479 2714 515 2771 Iu
537 2711 626 2770 titulo
649 2731 679 2770 n.
705 2712 802 2788 3122,
826 2708 879 2768 ubi
903 2727 988 2770 cosa
1009 2708 1125 2769 litteras
1148 2709 1212 2769 dixi
1234 2730 1295 2769 non
1318 2712 1425 2770 ducere
1449 2712 1616 2771 necessario
1639 2713 1677 2770 ad
1701 2716 1757 2771 Se-

436 2814 604 2894 gobrigam,
634 2815 688 2873 sed
715 2812 806 2872 etiam
829 2813 954 2889 cogitari
980 2833 1068 2892 posse
1091 2816 1127 2873 de
1149 2812 1340 2890 Langobriga
1362 2820 1392 2873 et
1413 2815 1605 2892 Tongobriga
1627 2815 1756 2891 aliisque

438 2920 618 2996 oppidorum
640 2917 813 2978 nominibus
835 2917 999 2997 similibus,
1032 2918 1099 2977 Fita
1128 2919 1220 2978 latere
1242 2917 1358 2995 putavit
1381 2918 1502 2977 nomina
1524 2920 1558 2978 O.
1578 2919 1650 2978 Iulii
1672 2920 1756 2978 Pilae

438 3023 677 3101 Segobrigensis,
711 3021 842 3081 flaminis
877 3021 1050 3099 provinciae
1079 3021 1246 3100 Hispaniae
1275 3021 1435 3096 citerioris,
1467 3023 1552 3082 cuius
1579 3022 1756 3081 memoriam

437 3127 566 3187 servarit
595 3127 702 3185 titulus
733 3124 965 3185 Tarraconensis
994 3146 1023 3185 n.
1048 3127 1142 3186 4222.
1196 3127 1256 3186 Sed
1286 3127 1359 3184 haee
1392 3145 1512 3200 quoque
1545 3127 1755 3203 supplementa

437 3250 559 3308 prorsus
580 3230 695 3289 incerte
717 3237 797 3289 sunt.
843 3231 889 3288 cf.
913 3229 993 3289 infra
1015 3250 1044 3289 ιι.
1072 3231 1142 3288 185.

439 3432 502 3502 183
526 3438 632 3498 Caleaa
653 3439 700 3497 del
724 3438 843 3518 Grieqo,
869 3458 930 3514 rep.
955 3439 987 3496 in
1010 3438 1146 3497 aedificio
1169 3440 1285 3497 detecto
1308 3437 1521 3498 effossionibus
1543 3440 1753 3518 Thompsonis,

480 3541 636 3619 inscriptio
666 3542 831 3619 pavimenti
857 3541 1020 3616 tessellati,
1053 3542 1163 3600 tabella
1193 3543 1323 3619 oblonga
1352 3542 1496 3618 inscripta
1523 3543 1615 3618 longa
1641 3551 1687 3602 est
1714 3565 1753 3604 m.

463 3624 563 3724 '0.99,
588 3647 649 3705 alta
672 3649 761 3722 0.38;
790 3647 907 3705 litterae
935 3644 1064 3704 tessellis
1092 3645 1168 3704 albis
1195 3646 1291 3704 fundo
1317 3647 1406 3705 rubro
1429 3644 1561 3705 insertae
1582 3647 1661 3706 altae
1683 3656 1754 3707 sunt

481 3769 519 3806 m.
547 3752 628 3809 0.05.

845 3865 1072 4141 jasa&
1116 3915 1122 3928 .
1170 3858 1356 3938 Iob

865 3990 984 4033 ιειειι
1017 4019 1023 4030 .
1061 4017 1068 4031 .
1115 4018 1121 4033 .
1169 4019 1175 4032 .
1207 3986 1339 4029 arrasa

863 4094 1118 4167 asqu.

437 4298 504 4358 Fita
528 4298 581 4358 bol.
606 4300 640 4358 de
662 4298 691 4356 la
709 4297 799 4359 Aoad.
824 4302 884 4360 XX
909 4302 990 4360 18⁹2
1012 4321 1043 4378 p.
1060 4302 1121 4360 635
1146 4306 1176 4358 et
1196 4301 1271 4360 XXI
1295 4302 1376 4360 1892
1399 4322 1429 4379 p.
1450 4305 1507 4361 143
1532 4302 1715 4363 delineatam
1735 4326 1753 4363 a

438 4402 601 4479 Quintero;
625 4402 857 4462 delineationem
879 4406 956 4463 banc
977 4423 1096 4464 mecum
1117 4404 1348 4463 communicarit
1366 4404 1434 4464 Fita
1453 4412 1484 4465 et
1499 4406 1628 4465 correxit
1648 4407 1752 4467 lectio·

437 4526 506 4565 nem
527 4506 711 4584 propositam
733 4527 761 4584 p.
780 4509 852 4568 250.
889 4507 1056 4584 Imaginem
1077 4510 1325 4587 photograpbam,
1350 4529 1426 4585 quae
1442 4529 1529 4586 aegre
1545 4510 1624 4569 sumi
1645 4516 1749 4591 potest,

439 4611 536 4668 adhuc
559 4608 706 4669 desidero.

479 4711 598 4771 Titulus
620 4714 658 4772 ab
680 4732 741 4772 uno
764 4734 883 4789 quoque
904 4714 997 4774 latere
1019 4715 1153 4791 margine
1175 4714 1310 4774 inclusus
1332 4723 1393 4791 est;
1419 4736 1447 4776 r.
1470 4720 1482 4774 1
1507 4716 1540 4775 in
1562 4718 1672 4777 lacuna
1694 4725 1751 4778 tres

436 4822 613 4892 quattuorve
635 4816 753 4875 litterae
774 4816 963 4898 interierunt,
987 4820 1050 4879 v.2
1074 4819 1213 4897 totidem,
1238 4839 1265 4878 r.
1285 4822 1302 4879 3
1326 4819 1358 4878 in
1380 4821 1440 4878 fine
1463 4819 1619 4895 aliquanto
1641 4822 1749 4898 plures.

436 4922 505 4980 v.2
530 4920 583 4995 qui
604 4919 746 4979 viderunt
767 4920 898 4996 primum
919 4921 1055 4998 legerant
1077 4940 1125 4982 ros
1146 4942 1201 4999 pro
1224 4937 1282 4998 rus3
1311 4939 1329 4982 c
1351 4930 1452 4981 sutem
1474 4929 1504 4981 et
1526 4940 1547 4983 c
1570 4924 1659 4983 facile
1682 4946 1750 4986 con·

436 5024 615 5082 funduntur.

480 5127 624 5203 Supplevi
651 5126 782 5203 exempli
808 5147 898 5186 causa
923 5125 1035 5208 [L]eaeo
1058 5173 1114 5188 ...
1140 5126 1258 5208 loqium]
1284 5127 1441 5207 Belcileirrb
1463 5127 1585 5209 aJrlisec
1607 5154 1626 5191 a
1638 5133 1751 5209 funda·

436 5226 548 5308 melotes
561 5227 660 5308 secit].
