3746 5912
790 1657 969 1770 VIAE
1013 1655 1393 1772 PVBLIOAE.

914 2089 1028 2156 raas
1050 2089 1265 2157 sncvnna

879 2280 1003 2366 Vllll
1033 2280 1305 2366 ΒΛΕΤΙΟΔΕ.

795 2498 819 2557 1.
847 2496 1022 2556 ommno
1043 2495 1243 2555 oannem
1268 2516 1297 2573 p.
1315 2496 1387 2556 oea.

436 2648 502 2717 204
536 2653 716 2725 Vitlnt'roaon
742 2654 776 2712 de
802 2654 843 2713 tu
865 2654 989 2731 Barroa,
1020 2672 1054 2711 m
1079 2653 1107 2712 al
1126 2651 1209 2728 pat-'0
1234 2652 1280 2711 dot
1305 2651 1415 2730 Celenae
1441 2654 1475 2712 de
1497 2653 1559 2713 Soa
1579 2655 1654 2714 Joab
1676 2650 1758 2735 (mlle

479 2758 602 2819 Heraea
625 2758 732 2838 Certis,
755 2754 807 2839 J),
831 2754 898 2817 onio
919 2758 953 2817 da
971 2755 1098 2835 meite,
1121 2755 1207 2815 ouius
1228 2776 1297 2834 para
1322 2756 1466 2837 inaoripta
1490 2758 1551 2818 alta
1572 2764 1605 2817 et
1625 2759 1690 2818 lata
1712 2766 1759 2818 eat

479 2882 518 2923 m.
544 2865 626 2943 (768,
649 2862 726 2942 lapia
749 2882 866 2924 oruena
887 2883 927 2922 m.
953 2864 1039 2937 0.49;
1062 2858 1171 2920 litteris
1192 2880 1268 2922 eaeo.
1291 2863 1345 2942 IV,
1367 2861 1437 2922 altio
1458 2882 1484 2922 o.
1507 2882 1547 2921 m.
1572 2863 1660 2923 0.08.

940 3030 1249 3095 mom*

1047 3156 1137 3200 ΝΑΤΟ

435 3316 503 3376 Fita
524 3313 576 3374 bol.
598 3314 632 3373 do
653 3316 683 3374 lo
705 3313 799 3374 Aean.
823 3314 912 3373 XXV
937 3315 1017 3373 1894
1040 3333 1069 3391 p.
1093 3315 1143 3393 58,
1168 3314 1207 3372 27
1235 3313 1289 3391 qui
1315 3318 1454 3392 eotypum
1479 3313 1564 3373 miait
1589 3314 1754 3376 admodum

435 3419 604 3479 evanidam.

478 3499 599 3582 Dicitur
617 3520 792 3601 provenisse
815 3522 849 3582 do
870 3522 914 3581 lar
934 3519 1062 3601 Peteon,
1093 3519 1147 3581 ubi
1174 3521 1337 3582 Perceiana
1363 3519 1480 3582 manaio
1503 3520 1598 3582 lniaae
1621 3523 1756 3584 ereditur

436 3622 511 3708 (itin.
529 3626 674 3686 Antonin.
690 3648 720 3705 p.
737 3629 808 3707 432,
828 3623 872 3708 7);
895 3626 928 3685 in
949 3626 1086 3705 proximo
1108 3626 1174 3686 looo
1197 3628 1224 3686 el
1244 3625 1336 3685 Vsuar
1356 3634 1475 3704 ponunt
1488 3628 1613 3687 domum
1627 3628 1752 3707 liberii,

435 3729 529 3808 patria
544 3734 670 3791 Sanctae
685 3730 830 3792 Eulaliae.
867 3730 1000 3790 Primum
1015 3730 1139 3790 omnino
1160 3732 1217 3789 hoo
1239 3730 1403 3791 miliarium
1425 3738 1478 3809 eat,
1503 3734 1587 3807 quod
1608 3733 1752 3813 innotuit,

435 3834 552 3894 itineris
573 3823 622 3894 ‘ab
645 3834 722 3895 ontio
745 3834 879 3894 fluminio
901 3840 987 3894 Anae
1009 3833 1172 3894 Emeritam
1194 3822 1301 3911 neque'
1321 3830 1397 3916 (itin.
1422 3834 1568 3895 Antonin.
1593 3857 1623 3914 p.
1643 3839 1751 3914 431,8

435 3940 551 4019 -432,
570 3936 608 4020 8).
644 3942 784 4000 Ceterum
799 3938 961 4020 probabile,
985 3959 1046 3998 non
1062 3946 1189 4017 eertum,
1212 3937 1375 3998 miliarium
1389 3938 1484 3999 f11iaae
1505 3941 1587 3999 huno
1609 3941 1749 4018 lapidem

845 4190 883 4248 11.
907 4190 981 4248 vm
1002 4188 1200 4265 nvovsm
1217 4207 1247 4264 p.
1265 4188 1336 4246 ooo.

435 4362 464 4401 n.
490 4344 582 4402 4705.
608 4347 701 4405 4717.
726 4346 809 4402 4749
839 4345 902 4404 Iam
924 4351 996 4404 aunt
1017 4343 1150 4402 Malacae
1172 4341 1205 4400 in
1227 4362 1331 4402 museo
1353 4341 1476 4419 Loring.

932 4650 1046 4718 Pras
1074 4651 1247 4717 onoma.

827 4823 940 4908 Vllll
966 4822 1353 4912 TARRAOONENSIS.

519 5019 702 5098 Magnopere
730 5039 845 5100 semper
873 5020 1122 5102 deaideravimna,
1151 5028 1186 5082 ut
1212 5021 1337 5082 miliarii
1363 5021 1479 5083 viarum
1502 5044 1519 5082 a
1540 5024 1668 5083 Bracara
1695 5043 1746 5082 ex·

434 5123 570 5183 euntium
592 5126 725 5201 quinque
747 5126 794 5184 vel
816 5124 948 5203 plurium
973 5126 1128 5207 permulti,
1158 5126 1211 5203 qni
1240 5125 1312 5187 olim
1338 5127 1448 5205 reperti
1473 5148 1582 5207 magna
1603 5148 1641 5187 ex
1663 5134 1745 5205 parte

433 5230 531 5289 adhue
560 5237 677 5310 extant,
711 5229 810 5291 denuo
839 5230 1103 5312 investigarentur,
1134 5251 1203 5291 oum
1229 5231 1318 5310 panoi
1344 5237 1474 5312 tantum,
1505 5231 1559 5307 qui
1590 5234 1744 5292 Bracaram
