3746 5912
451 526 526 599 450
963 546 1251 599 ιιιιιιοοιιιιιιιι

1612 637 1773 648 ..-.----

450 736 570 797 'Iitulua
592 742 682 815 auget
702 755 862 796 nnmerum
882 735 943 795 iem
969 754 1112 812 magnum
1140 754 1252 814 eorum,
1283 733 1337 810 qni
1364 733 1531 792 Tarracone
1559 728 1665 808 positi
1694 732 1777 786 mant

450 840 621 901 flammibna
642 840 815 918 provinciae
836 838 1002 919 Hispaniae
1024 838 1171 900 citerioris
1193 835 1233 921 (11
1255 839 1478 900 4188-4260
1502 828 1751 912 6002-6100).

450 1010 522 1080 200
543 1017 719 1097 Tarracone,
743 1037 803 1096 rep.
820 1037 882 1077 une
897 1036 965 1077 com
979 1036 1009 1075 n
1030 1017 1089 1075 100
1106 1016 1144 1074 ad
1164 1022 1281 1092 portam
1295 1013 1474 1074 cathedralia
1495 1010 1646 1071 eccleciae
1664 1007 1775 1067 dictam

493 1124 523 1181 S.
539 1122 676 1201 Theclae,
698 1121 781 1182 baaia
799 1121 934 1181 eiusdem
955 1119 1063 1179 utilia
1085 1117 1315 1198 magnitudinis,
1337 1117 1447 1177 litteria
1469 1116 1606 1176 eiusdem
1629 1120 1671 1172 ut
1693 1112 1776 1171 illine

493 1225 608 1305 aetatis,
632 1225 702 1285 altio
716 1246 755 1286 m.
774 1229 856 1306 005,
880 1224 1039 1285 maximam
1061 1229 1175 1302 partem
1192 1223 1328 1283 consulto
1344 1221 1460 1302 deletio,
1482 1229 1517 1281 ut
1536 1219 1616 1298 lapie
1633 1218 1672 1276 in
1688 1236 1775 1294 opere

493 1331 693 1391 adhiberetur.

950 1431 1147 1476 ι·ΑιιτοΝιο
1163 1446 1169 1460 ·
1184 1407 1259 1473 alltc

946 1512 1260 1601 1111111111

1010 1618 1099 1670 reliqua
1111 1628 1204 1671 prorem

1009 1687 1140 1729 oblitterato
1152 1687 1208 1728 auat

452 1832 519 1891 Fita
548 1830 601 1892 bol.
625 1831 659 1890 de
680 1832 710 1890 lc
731 1830 823 1891 Acad.
852 1831 940 1889 XXV
966 1832 1046 1890 1894
1069 1851 1097 1908 p.
1121 1833 1181 1890 401
1214 1828 1266 1906 qui
1294 1830 1430 1889 obaerret
1458 1830 1586 1888 lortaeae
1614 1827 1772 1905 pertinere

451 1936 572 1997 titulum
596 1938 635 1996 ad
655 1938 689 1995 L.
705 1934 874 1995 Antonium
896 1933 1092 1993 Saturninum
1113 1936 1143 1993 11
1165 1937 1259 1993 4104.

451 2105 545 2174 200a
577 2111 752 2191 Tarracone,
775 2129 835 2187 rep.
853 2130 879 2169 a.
900 2110 992 2189 1896,
1014 2108 1095 2169 baaia
1110 2109 1170 2168 alta
1183 2127 1222 2168 m
1240 2111 1323 2189 040,
1345 2107 1407 2168 lata
1423 2110 1505 2188 040,
1520 2107 1632 2167 litteris
1647 2124 1729 2167 aaec.
1745 2105 1772 2163 II

495 2215 690 2295 eleganhbue,
714 2213 784 2275 altie
806 2233 886 2279 am.
910 2216 981 2274 005
1005 2215 1044 2273 ad
1067 2217 1150 2274 004.

1059 2392 1240 2448 nvncva

1027 2508 1068 2552 ο·
1083 2508 1241 2552 saevam

1017 2611 1243 2656 aamcrascars

970 2727 981 2757 s
1014 2718 1108 2760 vra·
1138 2717 1239 2759 avo·

894 2823 908 2865 e
959 2827 978 2875 s
1012 2820 1242 2865 ara-amonica

1021 2925 1098 2969 ιιοιι

452 3081 606 3160 Deaoripai
627 3102 665 3141 ex
691 3087 796 3159 ectypo
819 3102 837 3139 a
860 3080 927 3141 Fite
953 3080 1061 3157 miaao;
1091 3085 1177 3141 Aem.
1201 3081 1320 3140 Morere
1341 3080 1393 3139 bol.
1414 3080 1448 3139 de
1467 3079 1497 3140 la
1515 3078 1607 3139 Acori.
1634 3078 1766 3137 XXVIII

457 3189 537 3247 1896
559 3207 590 3264 p.
615 3187 686 3247 532.

495 3293 591 3369 Supra
612 3289 691 3349 nihil
711 3289 829 3350 videtur
844 3290 956 3368 deeaee,
980 3309 1050 3350 nam
1065 3309 1167 3366 margo
1186 3290 1306 3349 tabulae
1321 3288 1483 3366 inscriptae
1499 3288 1638 3366 auperior
1653 3297 1765 3366 aparte

452 3395 557 3454 dextra
585 3400 720 3454 eervetua
748 3400 802 3453 eet.
854 3393 958 3453 Lectio
986 3401 1065 3453 certa
1094 3400 1148 3453 eat.
1200 3396 1270 3454 v.1
1296 3394 1338 3453 in.
1365 3392 1481 3453 litterae
1511 3394 1589 3452 duee
1620 3393 1671 3453 vel
1697 3400 1763 3470 trea,

451 3519 478 3559 v.
501 3500 519 3557 2
543 3498 585 3558 in.
614 3517 677 3557 una
701 3498 749 3556 vel
779 3498 868 3575 duae,
902 3518 929 3557 v.
958 3499 975 3555 3
999 3496 1042 3556 in.
1077 3496 1178 3557 littera
1214 3495 1419 3574 praenominis
1447 3495 1609 3573 aingnlaria
1644 3496 1763 3556 excidit.

452 3605 571 3662 Nomen
598 3601 649 3661 dei
676 3599 829 3680 peregrini
850 3599 1063 3661 ...obcaecati
1082 3646 1089 3660 .
1108 3646 1114 3660 .
1132 3621 1163 3659 eo
1191 3600 1312 3661 aliunde
1338 3620 1401 3661 non
1428 3600 1494 3659 noti
1524 3608 1605 3660 certo
1634 3600 1764 3677 suppleri

451 3705 572 3783 nequit3
595 3726 665 3765 nam
686 3706 736 3764 rix
757 3711 832 3782 puto
854 3707 1016 3782 legendum
1038 3724 1103 3764 eoae
1126 3703 1339 3765 ...chamuti
1357 3699 1429 3787 [d]eo
1450 3700 1582 3786 maere)
1606 3699 1762 3785 deflecto),

452 3830 507 3888 pro
537 3831 597 3887 qno
625 3817 817 3887 expectamus
844 3809 946 3887 potine
973 3810 1023 3869 deo
1050 3809 1178 3888 Aopuatc
1205 3829 1317 3870 coccam
1342 3810 1390 3869 vel
1417 3830 1528 3869 coenon
1554 3809 1605 3867 deo
1627 3810 1760 3888 Aaymto.

452 3918 571 3975 Nomen
583 3913 632 3974 dei
645 3913 838 3992 peregrinum
847 3914 979 3991 primam
989 3915 1047 3973 hoc
1057 3914 1224 3973 Tarracone
1239 3912 1358 3989 prodiit.
1381 3915 1511 3990 Reliqua
1522 3913 1612 3973 Iaeile
1623 3914 1763 3992 aupplen-

452 4027 501 4079 tur
515 4038 613 4095 neque
627 4019 721 4078 ullam
735 4017 942 4078 difficultatem
957 4019 1109 4095 praebent.
1145 4016 1282 4076 Berenice
1296 4036 1350 4094 pro
1367 4018 1501 4077 Berenice
1514 4019 1611 4077 forme
1625 4026 1698 4078 nota
1711 4025 1760 4077 eat

452 4186 518 4257 201
548 4195 758 4271 Fragmentum
786 4193 913 4253 tabellae
940 4193 1076 4271 lapideae
1105 4212 1228 4272 parvae,
1257 4212 1318 4269 rep.
1343 4211 1368 4251 o.
1391 4212 1417 4251 a.
1445 4194 1525 4252 1875
1549 4212 1584 4251 ea
1605 4193 1632 4250 el
1651 4192 1762 4251 torneiae

496 4297 530 4356 de
552 4295 674 4376 Morou,
697 4296 730 4356 in
751 4296 874 4374 praedio
895 4295 1077 4357 marchionis
1099 4297 1137 4356 de
1158 4295 1309 4355 Montoliu
1330 4295 1409 4356 inter
1431 4295 1542 4357 Morell
1560 4304 1592 4356 et
1620 4295 1762 4373 Vtctonqc

497 4403 596 4483 eitum,
619 4422 712 4481 prope
734 4401 900 4462 aediculam
922 4401 956 4460 de
976 4400 1014 4462 N
1014 4398 1031 4435 ⁰
1046 4397 1088 4460 8⁰
1101 4401 1148 4460 del
1165 4400 1301 4478 Romi-im
1329 4404 1495 4462 Tarracone
1517 4409 1615 4463 aerrat
1635 4399 1761 4461 marchio

496 4509 534 4568 de
555 4505 716 4567 Montoliu.
761 4507 867 4569 Altam
889 4514 935 4568 eat
956 4526 996 4567 m.
1021 4508 1103 4585 020,
1131 4505 1227 4567 latam
1250 4508 1333 4587 025,
1363 4506 1472 4569 litteris
1494 4526 1570 4568 eaeo.
1593 4508 1623 4568 II
1644 4506 1693 4567 vel
1712 4505 1760 4584 ΠΙ,

496 4611 566 4671 altia
586 4631 627 4674 m.
651 4614 755 4673 0010.
