3768 5912
520 568 724 618 couvnurvs
752 569 1069 619 caumomrnusrs
1375 546 1451 621 435

133 746 203 815 182
234 751 340 812 Cabiro
367 752 414 810 del
442 750 561 832 Geiego,
591 773 653 831 rep.
683 775 710 814 a.
746 757 824 814 1892
855 755 888 813 in
918 755 1128 816 effossionibus
1156 754 1305 815 institutis
1335 763 1456 833 sumptu

178 858 355 933 Thompson
383 856 479 932 Angli
508 877 562 935 per
591 860 762 918 Romanurn
792 858 900 919 Garoia
929 859 1031 936 Soria3
1063 858 1169 938 oippue
1197 879 1337 939 magnus,
1369 859 1456 920 euius

177 959 274 1021 lanies
294 961 440 1039 inseripta
461 961 523 1020 alta
550 968 597 1023 est
624 981 664 1022 m.
690 966 775 1041 Mb,
806 963 867 1022 lata
891 966 979 1043 ⁰32,
1007 964 1116 1023 litteris
1144 963 1234 1024 honis
1256 963 1370 1024 saeouli
1392 966 1455 1024 iere

179 1066 305 1126 meandi
326 1065 471 1145 ineuntis,
495 1065 565 1126 altia
586 1085 626 1125 m.
651 1070 723 1126 0.06
747 1068 785 1126 ad
809 1069 891 1128 0.05.

799 1902 834 1941 ru
868 1916 875 1929 ·

656 2011 719 2059 patu
742 2004 854 2050 §Abs

681 2087 758 2189 regali
773 2110 789 2153 s
805 2112 813 2152 1
829 2111 850 2153 v
866 2109 888 2152 re

666 2217 893 2266 aaroosAMlL

655 2324 735 2371 rapae
763 2320 858 2365 LlCA

694 2422 781 2477 JEC

129 2658 288 2736 Descripsi
310 2681 348 2719 ex
371 2669 477 2738 eoqpo
500 2668 531 2719 et
551 2659 682 2735 imagine
705 2660 913 2736 photographa
936 2679 953 2717 a
976 2659 1044 2718 Fita
1065 2658 1176 2737 missia,
1200 2656 1253 2734 qui
1275 2659 1321 2717 ed.
1345 2657 1398 2716 bol.
1422 2657 1457 2715 de

29 2799 37 2816 .
129 2762 159 2819 la
170 2761 265 2821 Acnd.
282 2764 359 2822 XXI
374 2765 454 2823 1892
470 2784 499 2841 p.
514 2765 573 2824 136
590 2782 657 2822 eum
672 2762 804 2840 imagine
819 2762 1014 2839 phototypiea
1029 2783 1065 2823 ex
1080 2762 1289 2841 photographa
1304 2780 1453 2837 expressa.

172 2867 270 2941 Lege:
299 2912 407 2926 .....
425 2887 493 2926 arae
521 2863 725 2947 rei[publi]eoe
752 2860 1017 2946 Segob[rige}neeiem
1046 2862 1136 2946 [seruo
1163 2865 1226 2926 sive
1249 2863 1368 2923 anniam
1381 2860 1455 2945 s]o·

130 2963 226 3050 eo
243 2966 375 3049 pelea
397 2965 531 3050 orele)-

173 3075 213 3131 V.
235 3077 247 3132 l
273 3070 445 3155 [Borb]oroe
467 3074 619 3152 supplevit
640 3074 716 3152 Fita,
741 3076 822 3149 quod
842 3093 951 3134 nomen
968 3074 1031 3133 sive
1047 3073 1125 3133 servi
1140 3074 1202 3132 sire
1217 3072 1344 3133 ancillae
1359 3072 1454 3132 inisse

129 3174 260 3252 eogitari
287 3183 396 3254 potest.
455 3177 604 3237 Borboros
632 3177 677 3236 vir
713 3179 798 3237 adest
829 3180 977 3239 113761.
1029 3178 1162 3237 Nomina
1196 3186 1296 3235 autem
1323 3177 1356 3235 in
1385 3197 1455 3237 ·aro

129 3280 276 3340 exeuntia
289 3281 405 3342 Iberioa
425 3281 555 3342 virorum
571 3288 601 3342 et
615 3282 775 3342 mulierum
797 3302 859 3343 non
875 3284 985 3343 desunt
1007 3280 1093 3363 (ΜΠ
1113 3302 1143 3361 p.
1159 3284 1296 3342 CXXIII.
1319 3278 1453 3361 CXXV),

130 3385 215 3442 velut
231 3383 342 3444 Astora
363 3387 420 3445 viri
441 3387 628 3446 Balearicum
652 3382 692 3466 (Π
709 3384 817 3466 3676);
840 3389 898 3447 hoo
915 3388 1003 3463 quale
1018 3387 1111 3446 fuerit
1127 3394 1207 3446 certo
1223 3385 1316 3445 statui
1338 3385 1453 3461 nequit.

173 3491 221 3548 De
244 3488 306 3549 situ
329 3490 511 3570 Segobrigae
534 3510 610 3565 quae
634 3489 707 3549 olim
729 3489 857 3567 exposui
884 3489 922 3569 (Π
944 3511 974 3569 p.
992 3492 1053 3550 419
1078 3497 1109 3549 et
1132 3486 1204 3569 528)
1227 3489 1279 3548 via
1301 3496 1456 3549 mutantur

129 3594 188 3651 hoe
211 3592 311 3653 titnlo.
356 3593 438 3653 Fieri
467 3613 540 3653 sana
569 3600 681 3673 potest,
713 3613 781 3653 oum
809 3595 985 3670 praesertim
1012 3614 1074 3653 non
1101 3614 1168 3653 rara
1190 3592 1284 3652 sitin
1306 3593 1456 3671 Hispania

130 3695 258 3772 originis
279 3695 425 3757 indicatio
446 3698 480 3758 in
502 3697 578 3775 ipsis
600 3697 729 3777 oppidis,
753 3704 788 3757 ut
809 3697 958 3756 indicetur
979 3699 1037 3757 hoo
1058 3697 1147 3757 titulo
1164 3717 1274 3756 nomen
1297 3698 1456 3774 antiquum

131 3800 198 3860 eins
221 3800 390 3882 municipii,
415 3801 501 3861 ouius
523 3801 670 3877 reliquiae
684 3821 747 3861 non
763 3800 890 3877 exiguae
906 3808 1011 3860 extant
1025 3801 1059 3861 in
1075 3801 1150 3861 oolla
1168 3790 1276 3861 Cobeao
1289 3801 1337 3860 deb
1352 3801 1456 3880 Griego

131 3903 213 3963 dioto
230 3904 307 3963 etin
323 3905 442 3966 vicinia.
479 3907 587 3982 Neque
608 3924 678 3965 vero
701 3905 756 3964 tali
778 3911 973 3967 monumento
995 3906 1161 3965 absolvitur
1182 3906 1328 3981 quaestio.
1365 3909 1456 3972 Quod

131 4006 249 4066 familia
269 4008 400 4087 publiea,
423 4009 583 4087 municipii
604 4009 701 4088 ipsius
722 4016 806 4090 puto,
830 4030 915 4070 servo
930 4011 978 4069 vel
994 4010 1121 4070 ancillae
1142 4009 1187 4069 rei
1208 4009 1347 4087 publicae
1363 4013 1456 4087 Sego·

131 4110 318 4192 brigensium
340 4122 570 4173 monumentum
591 4113 680 4193 feeit,
709 4114 742 4173 id
762 4135 817 4192 per
838 4134 870 4175 se
892 4116 1029 4173 nondum
1051 4115 1158 4191 probat
1179 4114 1279 4173 loonm
1303 4134 1372 4174 eum
1394 4134 1455 4191 quo

131 4222 269 4274 mortuus
297 4224 342 4275 est
369 4218 562 4295 Segobrigam
589 4217 699 4293 fuisse;
732 4220 831 4295 potuit
859 4217 930 4277 inde
959 4217 1085 4295 migrare
1115 4217 1289 4277 Ercavicam
1316 4219 1364 4277 vel
1392 4239 1452 4294 qno

132 4319 255 4379 nomine
277 4319 423 4398 oppidum
444 4320 522 4379 illud
543 4321 611 4380 luit.
657 4325 703 4381 De
725 4322 786 4382 situ
810 4321 992 4398 Segobrigae
1014 4321 1189 4383 testimonia
1211 4341 1288 4398 quae
1309 4323 1455 4383 hahemus

132 4422 312 4500 eoriptornm
341 4423 512 4501 antiquiora
540 4425 617 4484 nihil
645 4425 807 4505 definiunt,
837 4425 1008 4504 Strabonis,
1038 4426 1058 4487 i.
1077 4446 1103 4485 e.
1126 4425 1283 4485 Posidonii
1305 4423 1358 4505 (III
1381 4431 1410 4506 t,
1436 4431 1453 4485 3

132 4520 184 4586 καὶ
200 4520 368 4609 Σιγοβρίγα
391 4518 417 4588 δ’
437 4522 500 4590 ἐστὶ
522 4526 581 4589 τῶν
598 4521 794 4613 Κελτιβήρων
817 4522 1138 4612 retransmittere,
1158 4524 1228 4612 περὶ
1250 4526 1286 4599 ἃς
1302 4523 1455 4601 Μέτελλος

132 4622 183 4689 καὶ
212 4623 379 4712 Σερτώριος
410 4628 626 4715 ἐπολέμησαν),
656 4633 796 4694 Frontini
825 4635 861 4694 de
887 4634 969 4693 hello
997 4633 1107 4693 Viriati
1133 4633 1220 4693 Livio
1252 4634 1454 4695 intercedente

132 4736 260 4792 fortasse
282 4753 319 4794 ex
342 4735 449 4793 eodem
469 4735 633 4796 Posidonio
656 4737 853 4798 derivandum
880 4736 934 4816 (Ill
959 4741 1006 4815 10,
1025 4740 1043 4797 6
1066 4735 1277 4816 Segobrigenses
1298 4760 1317 4797 a
1347 4739 1455 4799 Virioto

133 4837 162 4895 io
182 4837 302 4897 {mamae
323 4838 435 4898 Musti
459 4838 607 4921 cneoque),
640 4841 748 4921 Plinii,
777 4841 830 4918 qui
859 4841 891 4900 in
921 4841 1146 4901 enumeratione
1174 4844 1355 4919 populorum
1383 4864 1456 4903 oon·

133 4948 240 5000 ventus
268 4941 527 5019 Carthaginiensis
555 4943 722 5004 litterarum
744 4946 850 5005 ordine
873 4945 1020 5022 disposita
1042 4945 1208 5023 Agrippam
1231 4952 1260 5005 et
1281 4949 1455 5024 Augustum

134 5051 253 5104 sequtus
284 5046 420 5106 nominat
449 5054 536 5124 eaput
564 5046 727 5108 Celtiberiae
753 5047 963 5127 Segobrigenses
991 5046 1119 5129 (11125)
1143 5056 1173 5108 et
1194 5050 1327 5127 lapidem
1348 5070 1455 5128 specu·

134 5147 226 5208 larem
247 5151 324 5209 ιἰιίνα
349 5148 422 5210 Cm.
434 5172 467 5227 p.
493 5151 569 5210 eirea
583 5151 824 5229 Segobrigensium
844 5151 940 5212 arbem
961 5153 1093 5212 inveniri
1115 5152 1189 5212 uicit
1211 5152 1353 5232 (XXXVI
1373 5153 1453 5233 lto).

134 5253 299 5312 Ptolemaei
327 5273 397 5312 vero
427 5254 583 5315 oollooatio
614 5251 791 5338 Σηγόβριγα
819 5255 1038 5316 Celtiberorum
1066 5257 1149 5316 urhis
1179 5254 1217 5336 (ΙΙ
1240 5261 1273 5335 6,
1300 5256 1350 5338 57)
1385 5278 1454 5317 eum
