3746 5912
638 1388 707 1502 IN
709 1385 1143 1501 STRVMllNTVM
1181 1384 1595 1501 DOMESTICVM.

423 1882 427 1889 Ι
548 1813 680 1872 Multum
702 1813 800 1871 adhuc
821 1813 914 1890 abest,
937 1819 972 1871 ut
993 1810 1031 1871 de
1052 1810 1256 1870 monumentis
1274 1811 1392 1886 exiguis
1412 1812 1598 1891 plerumque,
1622 1833 1704 1889 quae
1725 1812 1777 1871 sub

463 1915 585 1976 nomine
599 1916 791 1976 instrumenti
804 1915 864 1976 iam
878 1915 1010 1975 solemus
1021 1917 1279 1995 comprehendere,
1291 1916 1397 1992 plenae
1412 1923 1443 1975 et
1457 1923 1554 1976 certae
1569 1938 1607 1976 ex
1618 1916 1780 1995 Hispaniis

464 2022 501 2080 ad
515 2041 564 2080 ma
581 2018 757 2100 perveniant
777 2019 983 2079 indicationes.
1015 2022 1101 2083 Quae
1115 2019 1165 2079 hic
1181 2020 1335 2097 composui
1356 2041 1453 2099 pauca
1467 2029 1538 2081 sunt
1552 2041 1626 2082 casu
1641 2029 1777 2097 enotata;

465 2145 540 2201 quae
562 2125 595 2185 in
617 2124 737 2203 oppidis
752 2123 876 2184 vebistis
897 2144 993 2201 paene
1016 2122 1157 2183 omnibus
1178 2122 1269 2184 huius
1290 2124 1409 2200 generis
1431 2126 1574 2186 continuo
1596 2125 1780 2204 proveniunt

464 2229 637 2309 specimina,
660 2229 835 2308 praesertim
849 2230 1006 2288 Cordubae
1022 2228 1144 2305 Hispali
1157 2230 1332 2308 Tarracone,
1350 2249 1387 2288 ne
1403 2230 1519 2290 enotari
1533 2231 1656 2307 quidem
1672 2231 1777 2290 solent

464 2334 509 2394 Ex
524 2333 592 2394 Uici
614 2341 645 2394 et
666 2338 799 2410 Sagunto
820 2333 910 2411 paulo
932 2332 1020 2410 plura
1041 2334 1174 2411 proferre
1195 2332 1291 2411 licuit,
1316 2334 1466 2413 descripte
1485 2336 1539 2394 ille
1557 2334 1779 2395 accuratissime

463 2437 511 2496 vel
525 2436 627 2513 petius
642 2438 759 2514 depicta
773 2458 791 2497 a
805 2440 892 2497 Petro
905 2438 1013 2517 Ibarra,
1030 2436 1083 2513 qui
1098 2436 1198 2497 fratris
1214 2438 1350 2498 defuncti
1364 2439 1463 2500 studia
1478 2439 1649 2515 antiquaria
1663 2437 1780 2515 aequali

465 2539 622 2618 diligentia
642 2541 841 2623 persequitur,
864 2548 895 2601 et
915 2564 934 2601 a
955 2541 1114 2602 Francisco
1137 2544 1273 2602 Chabret

824 2787 876 2848 u1.
908 2787 1072 2846 ursana
1093 2787 1247 2846 envuar
1274 2807 1304 2864 p.
1324 2790 1416 2846 1001.

465 2934 563 3006 2541
598 2942 778 3020 Carthagine
805 2963 896 3023 nora,
926 2941 960 3002 in
987 2942 1113 3020 collegio
1141 2946 1291 3007 Quattuor
1319 2947 1509 3021 Sanctorum,
1540 2962 1639 3002 massa
1666 2943 1778 3019 plumbi

508 3048 599 3124 longa
619 3068 659 3108 m.
678 3048 750 3108 0.38
774 3044 903 3125 (pondus
917 3067 979 3106 non
993 3042 1167 3128 indicatur);
1191 3047 1223 3106 in
1246 3067 1319 3108 cavo
1339 3050 1432 3128 longo
1446 3067 1486 3108 m.
1505 3049 1577 3108 (als
1601 3045 1777 3124 inscriptum

510 3162 556 3211 est
576 3152 684 3212 litteris
705 3151 947 3230 prominentibus
969 3172 1045 3211 saec.
1069 3160 1142 3229 puto
1164 3151 1255 3228 primi

940 3343 1052 3386 taurim
1069 3357 1076 3371 ·
1096 3344 1174 3386 FERM
1218 3347 1323 3388 auduom

467 3503 618 3562 Artburus
639 3502 736 3578 Engel
756 3499 833 3561 vidit
853 3519 892 3559 m.
916 3500 990 3559 Dec.
1013 3520 1039 3558 a.
1064 3502 1144 3559 1833
1167 3499 1302 3575 mihique
1324 3501 1502 3578 descriptam
1523 3500 1607 3560 misit
1629 3503 1776 3561 affirmans

469 3606 563 3684 Fer-m,
587 3626 648 3665 non
671 3605 761 3684 Pirm,
782 3603 858 3681 legi,
882 3605 961 3662 unde
977 3623 1038 3663 non
1054 3603 1172 3663 videtur
1186 3603 1379 3684 cogitandum
1394 3624 1459 3665 esse
1473 3605 1511 3665 de
1526 3605 1653 3665 Laetilio
1670 3606 1773 3683 Firmo,

468 3730 648 3786 quamquam
670 3729 780 3769 nomen
802 3708 914 3785 gentile
935 3706 1001 3768 sine
1023 3707 1217 3786 praenomine
1239 3708 1339 3767 minus
1360 3708 1504 3769 usitatum
1527 3717 1581 3770 est
1627 3710 1772 3770 Fam...

469 3822 570 3875 autem
585 3814 756 3875 fodinarum
770 3832 881 3873 nomen
896 3818 956 3887 est;
972 3814 1010 3872 cf.
1028 3814 1110 3872 6247
1126 3826 1138 3867 a
1158 3812 1205 3872 M.
1221 3813 1283 3872 Rei
1294 3813 1364 3891 Rufi
1376 3825 1515 3879 [amem]
1530 3814 1597 3875 Fer.
1628 3817 1654 3873 E
1669 3814 1775 3875 fodinis

469 3919 585 3997 plumbi
611 3917 910 3996 Carthaginiensibus
936 3919 1014 3975 hanc
1041 3936 1160 3993 quoque
1189 3937 1331 3996 mamam,
1367 3925 1401 3976 ut
1429 3918 1544 3978 similes
1571 3920 1601 3977 11
1624 3921 1772 3996 Chelas,

469 4023 642 4107 proyenisse
672 4023 752 4082 idem
785 4021 906 4081 Laetilii
934 4041 1044 4081 nomen
1073 4022 1192 4100 probat,
1225 4023 1306 4097 quod
1338 4021 1520 4102 Carthagine
1554 4029 1673 4082 tantum
1707 4022 1774 4083 radit

470 4124 510 4207 (Π
533 4130 626 4189 3473.
651 4129 744 4186 3474.
770 4122 874 4205 5323).

472 4320 490 4377 2
524 4317 704 4394 Carthagine
725 4337 813 4397 nova,
836 4337 897 4395 rep.
921 4316 954 4376 in
976 4325 1075 4396 portu,
1099 4336 1197 4376 massa
1219 4319 1343 4394 plumbi.

966 4509 983 4550 Ρ
1000 4521 1007 4535 ·
1024 4508 1132 4551 'l'VltLLl
1154 4507 1284 4552 ransom

1083 4619 1166 4661 llum

473 4755 587 4816 Belalis
608 4753 642 4813 ds
663 4753 693 4813 lo
714 4751 852 4812 Sociedcd
871 4749 1077 4832 Arqaeoloqica
1098 4752 1224 4812 Leliano
1246 4754 1288 4813 VI
1310 4753 1391 4813 1835
1413 4774 1442 4832 p.
1464 4756 1520 4814 111
1548 4754 1650 4815 nescio
1671 4758 1754 4817 unde.

516 4865 545 4920 A
567 4859 686 4918 nemine
708 4857 768 4917 alio
790 4857 955 4933 quidquam
977 4858 1013 4916 de
1035 4877 1134 4917 massa
1155 4859 1210 4916 hac
1238 4855 1325 4934 potui
1352 4857 1521 4920 resciscere.
1567 4863 1700 4940 Cycnus,
1730 4856 1772 4934 qui

472 4964 583 5025 dicitur
597 4963 676 5023 infra
690 4962 821 5022 caelatus
835 4981 909 5040 esse,
926 4961 1046 5040 signum
1061 4970 1106 5021 eat
1120 4961 1300 5041 fodinarum,
1317 4963 1400 5022 velut
1414 4966 1562 5024 caduceus
1578 4972 1608 5025 ct
1625 4964 1772 5041 delphinus

473 5071 506 5129 in
527 5067 596 5129 aliis
623 5067 771 5127 eiusmodi
797 5067 1009 5127 monumentis.
1058 5069 1178 5125 Nomen
1206 5067 1325 5128 videtur
1351 5067 1446 5128 fuisse
1473 5085 1612 5148 rviam,
1641 5069 1772 5147 scriptun

473 5177 600 5235 fortasse
614 5189 738 5233 rviam.
775 5170 902 5231 Turellii
920 5171 953 5230 in
968 5171 1015 5232 his
1030 5171 1203 5250 regionibus
1219 5171 1271 5232 alii
1293 5171 1409 5233 inventi
1430 5181 1501 5233 sunt
1515 5171 1556 5253 (Π
1567 5175 1662 5235 3103.
1680 5165 1771 5251 3101).

473 5280 510 5339 Ιιι
531 5280 591 5338 fine
614 5279 697 5337 deest
718 5293 747 5337 S.
