3768 5912
564 552 769 602 couvnurvs
796 553 1029 603 usuamnusrs
1377 529 1451 603 363

136 733 182 802 16
204 734 258 819 (=
280 759 309 799 n.
334 734 408 820 470)
437 743 499 799 Ara
521 759 685 800 marmorea
711 740 832 818 elegans
860 740 969 800 litteris
996 739 1120 817 optimis
1147 760 1224 801 saec.
1252 741 1282 800 11
1309 740 1451 821 ineuntis,

182 843 253 903 altis
274 864 314 904 m.
339 845 411 904 urs
435 846 473 904 ad
496 845 578 904 (tdt).
633 865 635 869 ¹

620 1051 971 1096 vereri-vrcarrcr

620 1156 661 1197 ι·
685 1155 877 1200 cosnrvs·
902 1155 971 1199 surr

619 1257 778 1302 rnorvs
806 1259 972 1304 usncvs

598 1360 781 1406 sscs·sx
855 1346 972 1408 voTo

564 1461 1029 1516 murmurosaoepmoam

133 1623 291 1701 Descripsi
313 1644 350 1683 ex
372 1631 478 1701 ectypo
501 1645 519 1683 a
541 1624 653 1683 Melida
675 1623 777 1684 misso.

182 1729 299 1787 Puncta
319 1749 347 1788 a.
373 1729 391 1786 3
415 1734 445 1788 et
466 1748 494 1787 v.
519 1731 538 1786 4
560 1737 630 1805 post
651 1748 684 1786 aa
707 1729 824 1787 desunt.

137 1967 181 2032 17
203 1972 362 2052 Emeritse,
386 1972 492 2049 cippus
514 1972 593 2033 altus
615 1992 653 2030 m.
673 1975 755 2051 0.85,
778 1973 858 2032 latus
880 1975 962 2051 0.44,
986 1973 1148 2032 admodum
1170 1971 1260 2049 rudis,
1284 1972 1317 2031 in
1338 1991 1452 2032 museo.

180 2076 312 2136 Litterae
335 2077 412 2135 altae
433 2075 573 2135 videntur
595 2095 661 2136 esse
684 2076 800 2135 circiter
821 2096 860 2135 m.
879 2080 969 2151 0.05;
993 2077 1128 2136 sedtum
1151 2083 1222 2135 sunt
1244 2075 1396 2153 evanidas,
1419 2085 1454 2135 ut

181 2200 238 2239 neo
261 2182 297 2239 de
319 2201 423 2239 eorum
444 2182 541 2240 forma
563 2186 593 2240 et
614 2199 754 2240 mensura
776 2196 832 2240 nec
854 2182 890 2239 de
912 2200 1053 2240 versuum
1075 2200 1201 2240 numero
1223 2188 1348 2243 constet

686 2458 904 2500 ν.

685 2561 908 2606 ...VGERAC

684 2666 707 2707 Λ
762 2665 885 2709 GROIl

627 2771 641 2811 b
686 2770 726 2809 ΙΙ
770 2769 788 2809 Υ
832 2769 886 2810 AR

685 2872 729 2913 GV
853 2874 885 2914 ΧΙ

707 2974 885 3019 SACRVM

720 3080 746 3121 11
789 3081 873 3121 Λ..

135 3241 287 3316 Ectypum
309 3247 339 3297 et
360 3236 523 3313 imaginem
543 3237 781 3315 photographam
795 3235 878 3294 misit
893 3235 969 3315 Fica,
993 3234 1047 3313 qui
1068 3235 1243 3296 memoravit
1264 3256 1361 3313 neque
1383 3256 1453 3296 vero

136 3341 296 3419 descripsit
317 3339 370 3401 bol.
393 3343 427 3400 de
448 3342 478 3401 lo
498 3339 592 3401 Aood.
615 3341 704 3399 XXV
729 3341 811 3399 1894
834 3360 862 3417 p,
891 3342 960 3400 166.

181 3448 284 3525 Plano,
308 3446 361 3523 qui
382 3445 497 3505 detexit
519 3444 632 3503 alicubi
654 3449 738 3505 extra
752 3445 866 3523 urbem,
882 3443 1046 3503 miliarium
1060 3444 1177 3521 putavit
1192 3454 1313 3523 propter
1326 3446 1453 3504 formam

136 3551 295 3610 columnae
317 3548 454 3609 similem.
495 3550 555 3608 Sed
577 3548 699 3625 cippum
721 3567 787 3607 esse
808 3547 907 3623 imago
929 3549 1136 3625 photographa
1158 3549 1236 3608 clare
1259 3551 1450 3608 demonstrat.

134 3654 270 3714 Unicum
290 3654 470 3714 vocabulum
492 3655 574 3729 quod
595 3652 697 3728 aliqua
718 3672 787 3711 oum
808 3651 1018 3730 probabilitate
1040 3651 1152 3729 legitur
1172 3673 1285 3712 summ
1306 3662 1352 3713 est
1372 3674 1400 3711 v.
1423 3657 1450 3711 7.

134 3760 225 3819 Unde
247 3759 354 3817 titulus
376 3758 542 3818 credendus
564 3765 610 3817 est
631 3757 750 3816 votivus
776 3771 855 3832 esse3
882 3757 1017 3833 reliquae
1042 3756 1159 3817 litterae
1186 3777 1290 3817 omnes
1316 3756 1454 3816 incertis-

135 3863 231 3923 simae
254 3870 333 3923 sunt.
378 3861 526 3942 Apposui,
550 3862 698 3937 siquando
720 3861 830 3921 melius
851 3861 913 3938 legi
934 3860 1054 3941 poterit,
1077 3881 1117 3921 ne
1139 3863 1353 3939 neglegeretur.

138 4100 181 4169 18
203 4101 256 4187 (π
276 4127 305 4165 ιι.
323 4101 398 4187 475)
423 4107 450 4164 Ε
471 4106 573 4184 pontis
595 4126 685 4184 opere
706 4125 804 4184 nuper
823 4106 916 4166 traxit
936 4108 1039 4166 Plano.

708 4313 803 4356 ινιιΑε
828 4328 834 4341 ·
861 4283 899 4367 r)

705 4417 848 4462 cssssrus

138 4611 207 4671 Fita
228 4611 388 4688 descripsit
409 4631 447 4670 ex
469 4618 575 4688 ectypo
599 4632 616 4669 a
637 4612 730 4671 Plano
752 4611 845 4671 misso
868 4618 899 4670 et
920 4628 1037 4668 mecum
1049 4609 1284 4669 communicavit
1298 4608 1330 4667 in
1344 4609 1454 4669 litteris

138 4715 217 4775 datis
238 4716 267 4775 d
295 4718 332 4774 12
355 4735 395 4775 nr.
419 4717 496 4774 Nor.
521 4735 546 4773 a.
568 4716 663 4792 18943
687 4716 810 4775 adnotat
831 4737 849 4774 a
870 4721 954 4792 parte
976 4715 1080 4773 dextra
1101 4722 1132 4774 et
1152 4713 1213 4773 ima
1233 4734 1329 4791 pauca
1351 4715 1453 4773 deesse

138 4815 178 4901 (lo
194 4819 299 4897 pisdra
320 4840 347 4878 as
370 4819 494 4878 extende
514 4820 532 4877 d
553 4839 620 4897 may
634 4839 707 4895 poco
721 4821 783 4878 mdo
798 4820 831 4878 ds
846 4820 876 4878 la
885 4825 972 4895 porte
985 4814 1100 4897 mato).
1131 4819 1280 4896 Eotypum
1293 4819 1453 4877 admodum

137 4925 297 4984 evanidum
318 4933 435 5001 partem
456 4924 571 4982 laevam
593 4931 710 4984 tantum
733 4943 857 4999 eamque
878 4924 930 4982 vix
953 4943 1021 4999 per·
1043 4922 1178 5000 spicuam
1200 4921 1330 4981 exhibet.

180 5030 231 5087 Ad
259 5026 368 5087 Iuliam
398 5026 533 5087 Caesaris
558 5027 692 5104 Augusti
720 5027 815 5087 filiam
843 5029 934 5086 refert
961 5026 1182 5085 Hirschfeldius
1212 5025 1328 5084 collatis
1356 5025 1454 5085 titulis

137 5134 170 5192 C.
187 5133 231 5191 111
248 5133 330 5191 7156
347 5130 438 5191 Iusto
455 5131 585 5191 Caesaris
591 5127 703 5212 fiilios)
718 5139 749 5191 et
763 5130 901 5208 sequenti
915 5130 1067 5207 Agrippae
1088 5128 1197 5208 mariti,
1221 5129 1307 5188 ouius
1328 5149 1454 5189 uxorem

135 5242 265 5296 statuam
286 5236 435 5295 Emeritae
458 5234 598 5295 habuisse
621 5243 857 5296 consentaneum
880 5242 935 5294 est.
1289 5266 1296 5277 ·
