3816 5912
665 506 1144 599 nvnoavm'sanovnaarvm.
1495 522 1569 598 239

247 720 370 792 babilis3
393 720 493 792 immo,
516 721 542 778 si
565 719 635 796 quid
656 720 751 793 rideo,
773 740 855 779 mera
868 719 997 779 Liviana
1016 719 1275 792 inconsiderantia,
1298 718 1377 802 quod
1397 717 1485 776 ludos
1507 736 1570 777 sae·

246 822 363 881 culares
378 823 504 899 Augusti
528 822 707 880 centenariis
730 822 790 880 illis
813 841 916 882 secure
938 822 1083 900 adiungit,
1105 823 1286 900 posteriores
1308 822 1339 879 in
1353 837 1482 880 errorem
1500 839 1570 880 eun·

247 925 311 983 dem
334 925 461 983 induxit.
494 922 573 983 Nam
595 925 723 1000 ineptam
748 926 952 993 temeritatem,
976 934 1007 983 ut
1028 925 1089 983 ludi
1104 925 1245 983 celebrati
1260 924 1445 982 sollemniter
1466 943 1492 981 a.
1509 922 1568 982 505

245 1038 275 1085 ιι
296 1028 372 1086 6057
380 1027 397 1086 8
420 1028 558 1085 omnibus
580 1028 729 1085 veteribus
751 1027 909 1086 annalibus
932 1027 1049 1085 abunde
1070 1028 1170 1085 testati
1195 1027 1226 1083 in
1249 1026 1324 1084 alios
1347 1044 1441 1084 annos
1463 1026 1568 1084 traice·

243 1140 354 1201 rentur,
376 1127 484 1207 Capito
506 1140 583 1187 certe
605 1149 663 1187 nou
685 1131 843 1199 commisit,
866 1148 884 1186 a
905 1148 964 1205 quo
988 1130 1112 1205 Augusti
1133 1130 1216 1187 iussu
1238 1147 1324 1187 sacra
1344 1130 1481 1188 ordinata
1501 1146 1568 1188 ease

242 1233 398 1290 traduntur
408 1231 445 1308 ¹).
479 1230 600 1291 Scilicet
620 1249 685 1289 cum
702 1232 873 1307 Augustum
895 1250 998 1290 omues
1020 1232 1205 1290 consentiant
1225 1230 1314 1290 ludos
1334 1231 1502 1290 saeculares
1522 1250 1566 1289 re·

244 1335 376 1393 stituisse
398 1343 547 1410 tamquam
570 1333 755 1392 intermissos
776 1342 806 1391 et
827 1334 1043 1411 quodammodo
1059 1332 1237 1408 abolitosl),
1259 1341 1337 1392 certe
1359 1335 1411 1410 qui
1432 1335 1567 1410 proxime

241 1436 418 1513 praeoedere
440 1436 588 1495 debebant
612 1434 674 1494 ludi
700 1436 774 1495 nulli
800 1436 910 1495 fuerint
931 1453 1054 1495 neeesse
1076 1447 1130 1495 est.
1173 1437 1217 1494 At
1237 1435 1301 1505 ludi
1322 1455 1349 1494 a.
1366 1436 1424 1494 737
1448 1438 1474 1494 si
1496 1444 1567 1495 sunt

240 1538 284 1597 ita
305 1539 459 1609 celebrati,
486 1551 519 1597 ut
539 1538 636 1614 quinti
657 1548 760 1598 essent
781 1546 849 1615 post
869 1547 991 1616 quartos
1012 1538 1108 1597 editos
1131 1557 1158 1596 a.
1175 1538 1291 1610 60578,
1317 1537 1347 1598 id
1369 1557 1406 1598 ue
1428 1539 1566 1597 contendi

241 1641 359 1717 quidem
380 1641 491 1718 potuit:
517 1649 622 1699 contra
642 1642 669 1700 si
691 1641 848 1718 collegium
871 1642 908 1700 de
928 1659 1003 1700 aevo
1024 1641 1077 1698 illo
1100 1638 1267 1700 GCCCXL
1288 1659 1434 1701 annorum
1456 1618 1566 1718 cogita-

240 1746 297 1815 rit,
324 1744 380 1801 boc
401 1760 434 1801 se
460 1744 533 1801 tueri
562 1751 691 1819 poterat,
718 1744 797 1820 quod
824 1742 961 1803 ludorum
984 1743 1145 1803 secundum
1171 1762 1305 1803 normam
1327 1762 1393 1802 earn
1419 1744 1449 1801 in
1471 1761 1565 1802 annos
1643 1802 1647 1807 .

241 1845 311 1905 298.
327 1845 397 1905 408.
414 1845 484 1905 518.
500 1842 560 1905 688
582 1845 774 1905 incidentium
797 1846 969 1905 memoriam
987 1846 1110 1905 annales
1131 1847 1243 1906 nullam
1266 1847 1424 1919 habebant,
1446 1864 1564 1904 carmen

238 1958 335 2007 autem
359 1945 493 2024 Sibyllae
514 1947 550 2006 de
572 1949 692 2007 saeculo
715 1947 772 2007 CX
787 1966 939 2021 annorum,
962 1949 1040 2025 quod
1061 1949 1333 2022 circumferebatur,
1354 1948 1462 2008 editum
1486 1948 1564 2008 diee-

237 2052 327 2110 batur
339 2069 416 2110 anno
432 2049 491 2110 628
514 2051 564 2127 pia
577 2050 682 2109 fraude
698 2058 731 2109 ιιι
745 2050 860 2110 videtur
882 2049 988 2128 (snpra
1008 2069 1037 2127 p.
1054 2052 1136 2128 235).
1170 2050 1336 2112 Secundum
1353 2051 1425 2110 haec
1446 2060 1563 2130 poterat

237 2154 369 2212 narratio
390 2152 433 2210 ita
453 2152 587 2223 formari,
613 2163 645 2211 ut
666 2155 796 2211 carmine
818 2153 870 2211 illo
894 2152 1011 2230 Sibylla
1033 2155 1201 2213 crederetur
1221 2153 1310 2212 ludos
1332 2172 1410 2213 anno
1432 2153 1491 2215 628
1514 2154 1562 2213 edi

235 2256 372 2329 iussisse,
395 2254 448 2313 sed
470 2255 497 2312 ei
520 2255 642 2314 iussioni
666 2276 724 2314 uon
747 2273 814 2315 esse
834 2256 1079 2330 obtemperatum,
1101 2257 1202 2333 itaque
1222 2257 1281 2315 iam
1303 2257 1425 2316 saeculo
1441 2255 1497 2316 CX
1511 2276 1561 2315 an·

235 2378 343 2418 norum
366 2358 425 2417 alio
446 2357 530 2415 finito
552 2357 711 2417 editionem
734 2360 813 2417 iusto
834 2368 967 2434 tempore
993 2358 1196 2435 redintegrari.
1240 2356 1320 2418 Sane
1341 2358 1477 2418 ludorum
1499 2377 1566 2445 sae·⁴

235 2461 378 2520 cularium
404 2460 535 2537 antiquis
561 2459 787 2518 substitutorum
813 2460 1013 2520 diversitatem
1042 2480 1101 2519 non
1130 2463 1174 2520 ita
1199 2462 1353 2540 Augustus
1380 2462 1562 2537 proclamari

235 2564 338 2636 voluit,
361 2572 393 2623 ut
414 2562 450 2621 de
471 2582 508 2621 ea
529 2565 620 2622 errari
644 2581 703 2622 non
725 2573 829 2639 posset
850 2571 879 2623 et
893 2563 945 2622 rix
966 2580 1054 2639 aegre
1069 2563 1135 2621 tulit
1152 2563 1315 2641 imperator
1328 2563 1410 2640 vulgi
1431 2581 1562 2623 errorem

234 2668 335 2738 talem,
357 2665 474 2743 qualem
490 2665 641 2724 commisit
655 2665 758 2724 Livius
774 2666 1043 2742 commiseruntque
1061 2667 1124 2725 eius
1138 2666 1274 2743 vestigiis
1296 2666 1467 2726 insistentes
1483 2665 1560 2726 Cen·

233 2771 352 2829 soriuns
373 2776 402 2827 et
417 2767 568 2839 Zosimus3
592 2767 642 2827 sed
659 2769 828 2827 sacerdotes
844 2769 908 2827 eius
923 2768 1040 2841 aetatis,
1063 2777 1095 2826 ut
1108 2767 1193 2827 decet
1209 2769 1332 2841 aulicos,
1354 2769 1467 2828 mentiti
1490 2779 1561 2829 snnt

233 2891 301 2931 cum
323 2871 421 2948 aliquo
443 2869 565 2948 pudore.

311 3199 335 3262 ¹)
363 3200 432 3251 Vide
451 3200 511 3251 adn.
526 3201 550 3249 2.
589 3199 682 3265 Capito
702 3200 790 3250 consul
813 3200 895 3250 iactus
920 3215 944 3250 a.
964 3216 989 3251 u.
1009 3216 1031 3250 o.
1046 3200 1097 3250 758
1120 3218 1153 3241 =
1173 3217 1198 3265 p.
1212 3200 1304 3252 chad
1323 3200 1449 3264 fascibus,
1475 3210 1504 3253 ιιι
1521 3204 1557 3253 ait

234 3295 339 3347 Tacitus
358 3309 418 3345 anu.
433 3293 458 3356 3,
473 3293 516 3355 75,
537 3293 692 3355 acceleratis,
713 3300 827 3344 mortuus
846 3307 870 3342 a.
890 3309 915 3342 u.
935 3309 955 3343 e.
971 3292 1023 3343 775
1044 3313 1077 3333 =
1097 3309 1123 3358 p.
1137 3292 1198 3344 Chr.
1214 3294 1247 3343 22
1267 3300 1321 3344 tum
1340 3309 1398 3344 oum
1417 3294 1479 3344 editi
1498 3304 1558 3346 snut

233 3388 288 3438 ludi
312 3388 452 3438 saeculares
475 3386 574 3436 iuvenis
596 3385 674 3435 fuerit
697 3399 799 3436 necesse
822 3392 868 3436 eat.
907 3384 984 3446 Quod
1008 3387 1031 3436 ai
1054 3400 1087 3436 ex
1107 3387 1191 3437 Taciti
1211 3386 1296 3437 verbis
1321 3386 1371 3436 hoo
1393 3387 1556 3438 efficiendum

234 3488 301 3531 esset
319 3493 377 3530 eum
395 3488 454 3529 ants
473 3494 568 3529 annum
587 3493 660 3528 suum
680 3478 810 3529 consulem
829 3478 925 3529 fastum
943 3492 1007 3540 esse,
1032 3478 1059 3527 id
1078 3485 1194 3528 estante
1213 3494 1309 3530 anuum
1329 3480 1440 3530 natalem
1460 3458 1563 3531 tricesis

232 3589 316 3635 mum,
339 3573 367 3622 in
384 3571 555 3623 macularibus
574 3570 726 3621 ordinandis
750 3578 835 3636 partes
859 3571 914 3620 eius
934 3569 1019 3620 nullas
1037 3584 1092 3621 esse
1117 3578 1261 3636 potnerunt.
1299 3569 1352 3623 Sed
1370 3588 1430 3624 rere
1449 3573 1555 3625 Tacitus

231 3666 282 3716 hoo
299 3671 398 3715 tantum
417 3664 479 3714 dicit
492 3664 647 3728 Augustum,
668 3679 726 3713 oum
738 3662 826 3713 Labeo
840 3662 967 3726 Capitone
987 3669 1070 3713 aetate
1089 3664 1172 3713 maior
1187 3663 1318 3714 inordina
1337 3666 1467 3729 praetorio
1486 3665 1554 3717 bunc

231 3757 407 3824 praecederet,
432 3756 552 3821 Capitoni
570 3756 653 3807 fasces
672 3764 748 3806 antea
766 3756 880 3818 dedisse,
906 3771 981 3820 qnam
1000 3756 1158 3806 consuetudo
1177 3757 1319 3821 requireret
1336 3757 1364 3807 in
1384 3759 1440 3808 viro
1458 3773 1553 3824 nequa-

230 3866 307 3917 quam
326 3865 440 3901 summae
459 3848 608 3899 nobilitatis.
645 3849 737 3913 Itaque
755 3847 820 3898 nihil
839 3848 932 3911 obstat,
956 3849 1092 3914 quominus
1112 3848 1204 3914 Capito
1223 3855 1298 3900 natus
1317 3851 1350 3900 sit
1370 3849 1480 3902 Caesare
1499 3851 1552 3901 ‹lic-

228 3951 320 3994 tarore.
1528 4000 1535 4011 ,

305 4033 330 4097 ²)
357 4035 445 4085 Ludos
468 4049 513 4084 eos
538 4041 671 4085 enumerat
689 4033 827 4086 Suetonius
846 4034 914 4098 Aug.
932 4032 964 4083 31
985 4035 1053 4084 inter
1070 4033 1198 4101 pmtlats'm
1222 4031 1319 4085 cholda
1341 4050 1371 4085 ea
1393 4034 1552 4086 caerimoniis

230 4128 352 4195 numquis:
376 4127 445 4178 idem
464 4128 501 4177 ait
522 4127 625 4189 (Claud.
641 4125 686 4188 21)
707 4125 843 4177 Claudium
862 4126 889 4175 in
908 4125 1022 4176 historiis
1041 4128 1093 4177 suia
1113 4128 1213 4178 tradere
1231 4128 1384 4178 intermissos
1401 4143 1444 4179 eos
1463 4127 1551 4195 Auga-

228 4228 289 4271 ιιιιινι
307 4219 383 4270 multo
401 4226 464 4287 post
481 4218 670 4285 diligentissime
688 4234 808 4268 annorum
830 4218 929 4267 ratione
948 4216 1069 4269 subducta
1087 4220 1115 4268 ia
1133 4218 1244 4271 ordinem
1261 4219 1396 4287 redegisse.
1427 4221 1553 4274 Similiter

228 4313 357 4363 Zosimus:
380 4301 467 4374 ταύτης
485 4308 524 4360 ἐπὶ
542 4299 637 4382 χρὸνιν
655 4308 698 4373 τῆς
716 4303 811 4366 θυσίας
831 4303 1010 4378 representem
1031 4297 1108 4368 αὖθίς
1125 4327 1194 4360 τινων
1213 4302 1385 4380 συμπισᾶντων
1404 4304 1551 4380 ιῖιιιθνμίινν

227 4392 376 4454 ἇνενιῶσατι
399 4391 442 4468 τὴν
465 4390 548 4472 laps-qb
565 4389 734 4465 Ὀκταβιιινδς
757 4394 770 4451 ὅ
789 4391 934 4465 Tedertis,
961 4388 1003 4451 aab
1022 4388 1121 4472 Saopab
1138 4396 1240 4468 Ἀτηίιι
1259 4400 1404 4463 Καπίτωνος
1428 4402 1549 4473 ιξηγησα-

228 4494 308 4566 μᾶνοι,
327 4483 384 4554 roric
401 4485 518 4568 χρὸνινς,
538 4488 602 4546 καθ’
615 4485 656 4553 aba
674 4491 724 4545 ἔδει
736 4484 780 4559 τὴν
792 4490 886 4544 θυσίαν
898 4490 1020 4562 γινίσθαι
1033 4493 1073 4545 καὶ
1085 4483 1128 4560 τὴν
1141 4489 1250 4564 Saepius
1264 4494 1390 4569 ἀχθῆναι,
1409 4495 1455 4547 adr
1467 4514 1549 4547 ιιιντι.

226 4584 327 4639 ιιιιίδικιι
350 4582 454 4656 ἆνδρῶν,
481 4583 507 4637 οἳ
528 4575 559 4638 sai
579 4576 712 4651 Σιβύλλης
733 4584 852 4652 Siccam
876 4576 1008 4655 φυλιῖττιιν
1028 4577 1192 4659 irrigemur,
1220 4578 1438 4655 α’νιριννησᾶντιιν.
1476 4592 1549 4642 Haec

227 4683 284 4747 ipsa
306 4689 373 4733 recte
393 4681 486 4732 tradita
504 4690 563 4732 sunt
582 4695 629 4732 nec
647 4681 799 4731 coniecturis
818 4681 981 4745 temptanda:
1007 4682 1074 4732 inter
1092 4667 1177 4749 laps-riv
1196 4689 1221 4731 et
1239 4668 1282 4731 ads
1300 4669 1400 4750 θισμὸν
1418 4684 1487 4749 quod
1506 4699 1547 4733 co·

226 4775 276 4824 dex
295 4774 436 4840 interponit
454 4758 547 4823 ὖπιῖτων
568 4761 640 4823 ’ὄντων
653 4767 761 4822 Λουκίου
776 4767 935 4840 Κηνσωρίνου
953 4772 994 4822 καὶ
1014 4762 1117 4841 Μᾶρκιιν
1136 4768 1260 4823 Μαλλίου
1280 4767 1411 4839 Πουηλῖιι
1429 4790 1462 4825 sx
1481 4790 1547 4826 mar·

226 4868 287 4932 gine
305 4867 403 4917 intrusa
422 4874 447 4917 et
470 4867 624 4932 pertinentia
642 4866 676 4916 ad
693 4865 836 4916 saecularia
854 4879 877 4915 a.
892 4865 944 4916 605
965 4867 1083 4917 videntur
1106 4881 1166 4932 pars
1185 4882 1240 4918 esse
1262 4882 1434 4933 eorumquae
1457 4868 1546 4933 paullo

226 4967 285 5009 ante
304 4966 362 5023 post
379 4948 521 5026 νοθιῖγισαι
539 4959 697 5010 exciderant.
728 4957 832 5010 Scilicet
851 4958 887 5007 ita
905 4959 1023 5010 Zosimus
1042 4961 1156 5009 narrarit
1173 4960 1304 5011 oraculum
1323 4960 1438 5026 Sibyllae
1457 4961 1490 5011 de
1508 4962 1546 5012 lo·

225 5052 266 5101 dis
283 5050 456 5103 saecularibus
475 5051 632 5102 celebrandis
651 5050 747 5100 editum
762 5064 817 5100 esse
836 5064 861 5100 a.
876 5050 928 5101 505
948 5059 974 5101 ιι
992 5052 1130 5103 secundum
1150 5053 1177 5103 id
1196 5059 1248 5104 tam
1267 5067 1299 5104 eo
1312 5067 1379 5104 anno
1397 5054 1472 5105 ludos
1491 5053 1545 5103 edi-

225 5150 265 5193 tos
284 5158 360 5208 quam
379 5157 402 5194 a.
417 5144 478 5206 605,
498 5144 625 5194 adnotans
642 5143 695 5194 iam
713 5158 737 5192 a.
751 5142 804 5191 406
824 5143 919 5193 similes
938 5141 1014 5195 ludos
1033 5160 1087 5196 esse
1106 5145 1255 5209 celebratos,
1273 5146 1324 5197 illia
1337 5146 1430 5197 deinde
1446 5162 1544 5199 succes·

223 5237 287 5289 sisse
306 5237 381 5288 rebus
400 5236 502 5287 interim
520 5236 628 5287 turbatis
645 5235 719 5285 ludos
738 5235 848 5300 Augusti
866 5250 890 5285 a.
906 5235 967 5287 737.
