3746 5912
452 512 528 584 448
908 534 1199 586 TARRAGONENsls

449 721 565 782 addidit
590 723 665 798 felia
697 723 829 784 Tarraco.
893 720 1045 783 Vernantes
1070 724 1185 783 meur
1210 721 1301 781 mser
1328 721 1395 800 ipse
1424 722 1583 781 cacabulns
1613 721 1677 780 sire
1704 719 1771 778 tin-

449 827 641 888 tinnabulum
671 828 732 889 dici
760 827 965 888 Hirschfeldio
994 826 1164 908 ridebatur,
1201 829 1311 906 quippe
1344 847 1404 903 quo
1437 827 1470 886 in
1499 826 1591 887 sacris
1617 826 1770 902 Augustis

450 932 609 993 sollemnia
630 931 810 1013 indicentur,
834 933 892 994 etsi
912 933 993 993 hunc
1016 933 1191 992 cacabulum
1206 952 1269 992 non
1290 932 1389 1011 ipsum
1408 931 1478 991 usui
1499 932 1690 1009 destinatum,
1715 931 1770 988 sed

448 1037 582 1097 votivum
615 1036 709 1097 tuisse
740 1043 862 1115 propter
891 1037 1015 1114 exiguas
1042 1037 1108 1096 eius
1134 1056 1289 1096 mensuras
1317 1036 1381 1096 veri
1409 1036 1506 1096 simile
1536 1036 1583 1096 sit.
1635 1036 1769 1095 &culam

450 1143 550 1201 beraea
578 1137 710 1222 almetas)
738 1137 945 1224 p(opulo)qlce)
975 1138 1127 1222 Memorio)
1164 1140 1351 1218 imperatoris
1384 1140 1537 1201 mentione
1570 1160 1632 1199 non
1664 1138 1770 1198 habita

451 1253 553 1324 optare
581 1248 720 1326 putabat,
749 1246 782 1306 id
806 1248 888 1322 quod
917 1247 1035 1307 saeequ
1065 1247 1162 1323 primo
1195 1244 1353 1324 incipienti
1385 1246 1481 1323 magis
1513 1264 1603 1322 quam
1632 1245 1767 1303 secundo

449 1351 573 1411 exeunti
588 1350 767 1429 conveniret,
788 1370 843 1410 nec
865 1350 1031 1411 litterarum
1050 1352 1172 1429 formae,
1190 1356 1336 1427 quantum
1350 1370 1388 1410 ex
1403 1358 1509 1429 ectypo
1531 1347 1768 1426 photographicc

450 1455 576 1515 indicari
603 1456 713 1536 possit,
743 1456 780 1515 ab
802 1455 855 1515 illa
881 1461 977 1515 aetate
1006 1456 1163 1515 abhorrere
1192 1454 1222 1514 ei
1246 1455 1432 1516 ridebantur.
1477 1458 1578 1531 Atque
1604 1455 1643 1512 de
1672 1462 1769 1512 aetate

451 1559 618 1620 litterarum
648 1579 759 1636 anceps
787 1559 935 1620 iudicium
966 1579 1030 1619 esse
1060 1579 1158 1636 neque
1186 1561 1305 1620 obstare
1333 1560 1424 1620 aetati
1454 1558 1618 1636 antiquiori
1646 1559 1769 1617 ecculm

451 1664 563 1724 rustice
586 1665 731 1742 scriptum
752 1684 807 1742 pro
830 1666 958 1744 saeculo,
983 1665 1113 1725 concedo
1135 1664 1272 1725 libenter.
1318 1666 1378 1725 Sed
1400 1672 1491 1724 restat
1513 1663 1671 1743 dubitatio,
1694 1683 1769 1723 num

451 1769 515 1847 ipse
538 1768 697 1828 cacabulus
719 1768 818 1829 dicere
841 1789 872 1829 se
894 1770 1024 1847 potuerit
1038 1769 1210 1829 remaclum
1231 1769 1372 1829 nuntium
1393 1768 1545 1829 maiorem.
1579 1769 1769 1829 Vocabulum

452 1883 478 1933 et
499 1879 567 1933 ante
585 1874 693 1952 populo
715 1874 752 1932 ab
775 1894 824 1952 ec,
856 1874 908 1950 qui
934 1872 1056 1933 titulum
1078 1873 1199 1953 incidit,
1229 1881 1400 1950 corruptum
1422 1880 1524 1933 censet
1545 1871 1769 1932 Hirschfeldius

454 1999 491 2037 ex
498 1974 618 2064 scilice),
642 1985 677 2037 ut
692 1997 779 2055 saepe
795 1978 827 2035 in
843 1977 1109 2038 acclamationibus
1131 1978 1247 2055 legetur
1263 1985 1288 2036 te
1301 1979 1379 2037 celeo
1393 1978 1466 2037 selei
1478 1998 1572 2037 mnata
1586 1976 1768 2052 similiaque.

451 2080 669 2141 Tintinnabula
695 2080 727 2139 in
757 2081 849 2141 sacris
875 2090 1019 2160 usurpata
1044 2081 1139 2141 fuisse
1161 2102 1178 2139 e
1199 2082 1349 2142 Pseudulo
1372 2082 1511 2142 Plautina
1530 2084 1546 2141 I
1569 2085 1598 2161 3,
1622 2050 1682 2140 1'16
1705 2081 1770 2140 sola

453 2186 668 2262 deducebatur3
692 2186 744 2244 sed
767 2186 984 2246 consuetudine
1006 2185 1148 2245 ecclesiae
1163 2185 1326 2245 catholicae
1340 2188 1493 2245 Romanae
1515 2185 1596 2245 idem
1617 2185 1769 2263 probatur.

451 2292 548 2350 Usum
567 2290 725 2365 antiquum
744 2291 928 2350 demonstrat
948 2295 1102 2368 praeterea
1121 2289 1220 2366 imago
1241 2303 1369 2349 tesserae
1391 2291 1548 2368 plumbeae
1563 2292 1598 2348 C.
1613 2290 1643 2349 11
1660 2291 1770 2348 49638

452 2389 597 2475 (Delgado
612 2414 699 2453 nuceo
713 2394 820 2453 mecedo
834 2396 863 2453 II
878 2415 906 2472 p.
925 2397 986 2454 340
1003 2395 1063 2453 tab.
1079 2396 1193 2453 LXXX
1210 2398 1236 2453 l.
1254 2391 1294 2476 2),
1318 2394 1404 2454 cuius
1418 2394 1573 2471 inscriptio
1589 2396 1628 2454 ad
1642 2399 1772 2452 aetatem

452 2498 564 2558 liberae
585 2500 629 2557 rei
650 2498 789 2578 publicae
810 2499 949 2576 pertinet.
988 2501 1078 2559 Sacra
1091 2504 1231 2575 Augusta
1244 2497 1384 2559 ridentur
1399 2519 1464 2559 esse
1483 2498 1643 2558 notissima
1657 2499 1771 2556 Romae

455 2603 591 2662 divorum
606 2609 636 2663 et
649 2606 867 2683 Augustorum,
891 2623 967 2679 quae
981 2603 1148 2663 Tarracone
1170 2603 1298 2663 maxime
1314 2604 1491 2679 floruerunt3
1515 2605 1597 2679 quod
1613 2602 1770 2680 remaclus,

453 2706 473 2767 'a
497 2728 522 2767 e.
552 2726 655 2767 servus
683 2707 801 2788 templi,
831 2707 932 2767 nuntii
960 2706 1082 2767 nidoris
1109 2706 1242 2766 officium
1271 2706 1389 2787 babuit,
1418 2708 1496 2767 inter
1523 2707 1588 2766 lani
1617 2707 1769 2766 ministros

455 2812 614 2888 collegium
641 2811 816 2871 nuntiorum
845 2813 939 2872 fuisse
967 2813 1068 2889 aliquo
1095 2813 1184 2871 modo
1207 2812 1328 2871 indicat.
1379 2813 1603 2890 comparandae
1629 2819 1702 2871 sunt
1723 2812 1768 2870 in-

455 2915 632 2993 scriptiones
664 2916 935 2977 tintinnabulorum
968 2917 1083 2994 aliquot
1116 2919 1247 2977 Graecae
1280 2924 1311 2976 et
1342 2917 1467 2977 Latinae
1500 2919 1577 2977 duae
1610 2917 1767 2994 inscriptae

456 3020 551 3081 limi
570 3019 738 3086 balneatoris
760 3030 791 3080 et
803 3017 958 3103 flelr‘citer)
982 3022 1014 3081 0.
1031 3021 1105 3081 Iulio
1121 3021 1252 3081 Macimo
1273 3017 1403 3102 ulutatu)
1425 3017 1554 3103 oleatum)
1569 3053 1613 3064 -
1631 3022 1660 3080 si
1680 3023 1766 3079 modo

455 3133 535 3185 recte
550 3125 593 3185 ita
608 3125 796 3203 explicantur
810 3124 928 3185 litterae
943 3124 1109 3201 singulares
1128 3144 1143 3184 s
1156 3170 1163 3184 .
1177 3171 1184 3184 .
1197 3143 1219 3183 Ν
1235 3143 1332 3186 ·c-
1347 3125 1443 3185 editae
1458 3147 1476 3184 a
1490 3126 1645 3185 Ludcvico
1660 3125 1768 3183 Bruma

456 3237 613 3290 comment
637 3231 775 3290 Momms.
798 3251 827 3308 p.
847 3233 959 3290 bibes.
1004 3226 1102 3289 Aliter
1125 3229 1220 3289 sensit
1240 3230 1400 3310 Berlanga,
1430 3231 1573 3306 quicum
1595 3228 1768 3306 sitpatriae

454 3335 577 3411 linguae
599 3334 724 3412 eiusque
746 3334 889 3395 historiae
910 3334 1119 3413 peritissimus,
1142 3336 1306 3412 praefracte
1328 3342 1417 3411 negat
1439 3336 1520 3411 quod
1539 3353 1595 3411 ego
1609 3334 1768 3393 Toblerum

456 3446 577 3499 secutus
599 3439 713 3500 credidi
735 3440 894 3500 cacabulus
915 3439 1094 3499 vocabulum
1124 3458 1192 3497 cum
1219 3437 1346 3499 emendet
1366 3439 1503 3518 Hispano
1530 3440 1769 3517 componendum

456 3564 531 3604 esse.
576 3546 727 3604 Cacabnm
750 3544 842 3620 igitur
867 3550 953 3623 putat
978 3544 1086 3622 inisse,
1115 3544 1169 3620 qui
1195 3551 1290 3604 aetate
1318 3545 1439 3603 demum
1465 3545 1629 3603 recentiore
1656 3544 1769 3625 intin-

456 3649 648 3708 tinnabnlum
669 3650 731 3709 sive
754 3669 928 3727 campanam
947 3655 1079 3709 mutatus
1101 3649 1148 3728 sit,
1173 3669 1241 3708 cum
1261 3649 1436 3727 praesertim
1457 3650 1535 3709 ferro
1555 3648 1603 3708 uti
1624 3647 1659 3707 in
1681 3647 1771 3707 sacris

457 3772 519 3812 nou
541 3751 673 3830 licuerit,
697 3753 834 3813 simodo
857 3755 928 3834 boc,
956 3755 1038 3829 quod
1063 3774 1101 3813 ex
1128 3754 1219 3813 sacris
1240 3753 1398 3815 Arvalium
1422 3754 1576 3832 norimus,
1605 3755 1645 3813 ad
1671 3751 1770 3812 omnia

457 3859 569 3935 templa
590 3858 714 3917 valebat.
753 3859 881 3918 Valebat
895 3864 996 3918 autem
1010 3858 1075 3918 sine
1090 3859 1182 3918 dubio
1197 3865 1315 3919 tantum
1330 3861 1369 3919 ed
1388 3879 1472 3919 sacra
1485 3859 1538 3918 illa
1552 3857 1768 3935 antiquissima

465 3961 618 4021 Vemoclue
639 3982 700 4022 nou
722 3963 935 4041 appellativum
958 3962 1109 4023 existimat
1123 3983 1188 4023 esse
1203 3966 1257 4024 sed
1275 3983 1385 4024 nomen
1405 3963 1468 4024 sive
1486 3963 1564 4024 servi
1586 3963 1651 4022 sire
1672 3960 1771 4021 liberti

457 4065 559 4125 nuntii
580 4066 709 4146 maioris,
734 4074 764 4125 et
785 4069 909 4127 verbum
932 4067 1087 4147 excidisse,
1112 4088 1170 4145 quo
1194 4070 1336 4128 cacabum
1351 4071 1387 4128 ab
1403 4068 1456 4128 illc
1472 4070 1574 4129 datum
1590 4067 1639 4126 rel
1660 4068 1768 4126 factum

459 4190 523 4230 esse
546 4171 735 4231 indicaretur.
773 4171 985 4233 Dubitationes
1004 4173 1073 4232 illas
1088 4172 1145 4231 viri
1159 4172 1326 4233 acutissimi
1346 4172 1442 4232 iustas
1457 4191 1522 4233 esse
1536 4192 1597 4231 non
1614 4171 1768 4249 credimus,

458 4276 512 4335 sed
541 4274 768 4354 inscriptionem
796 4296 888 4336 sensu
914 4298 976 4337 non
1004 4296 1102 4337 carere
1135 4286 1166 4337 et
1193 4276 1432 4337 tintinnabulum
1459 4275 1627 4353 antiquitus
1654 4275 1688 4334 in
1715 4294 1768 4333 usu

459 4378 553 4438 inisse
575 4381 693 4440 credere
714 4381 874 4458 pergimus.
913 4384 1020 4458 Neque
1035 4402 1105 4442 vero
1122 4384 1241 4442 obstare
1262 4390 1403 4459 putamus
1424 4382 1580 4442 modulum
1599 4381 1675 4460 eius,
1698 4399 1768 4456 quo-

458 4482 559 4543 minus
581 4483 681 4561 ipsum
703 4485 862 4561 aliquando
885 4484 917 4544 in
939 4485 1031 4547 senis
1051 4492 1229 4564 usurpatum
1250 4506 1315 4547 esse
1337 4493 1511 4546 statuamus.

463 4827 529 4898 199
557 4836 733 4914 Tarracone,
763 4836 884 4895 extabat
905 4841 983 4895 tacta
1011 4834 1044 4894 in
1066 4841 1152 4911 poste
1173 4834 1283 4895 ianuae
1305 4833 1449 4894 ecclesiae
1476 4834 1669 4915 cathedralis,
1699 4854 1768 4910 quae

504 4937 614 4998 dicitur
634 4947 721 5017 porta
742 4941 772 4998 S.
789 4941 928 5019 Theclae,
958 4941 1039 4999 unde
1068 4941 1148 5000 latus
1175 4942 1313 5000 dextrum
1335 4960 1372 4999 ex
1393 4945 1477 5016 parts
1498 4938 1693 4998 imminutum
1715 4944 1767 5014 est;

503 5042 575 5103 inde
596 5041 674 5103 inter
694 5043 881 5104 instaurandi
896 5064 972 5122 opus
992 5043 1026 5103 in
1048 5044 1146 5103 lucem
1165 5046 1264 5105 denuo
1285 5049 1435 5121 protracta
1449 5049 1494 5102 est
1515 5042 1596 5103 basis
1611 5062 1770 5104 marmorea

505 5148 566 5207 alta
586 5168 625 5209 m.
651 5151 738 5229 aab,
760 5150 821 5208 lata
845 5151 930 5228 dell,
953 5148 1063 5210 litteris
1085 5168 1162 5210 saec.
1178 5152 1207 5209 11
1228 5150 1366 5210 exeuntis
1387 5148 1435 5208 rel
1454 5149 1499 5208 111
1519 5147 1656 5209 meuntis
1676 5146 1768 5227 mab,

505 5250 574 5311 altis
595 5272 613 5310 a
634 5272 673 5314 m.
699 5255 771 5315 0.0b'
794 5255 833 5314 ad
856 5256 939 5315 0.03.
