3816 5912
570 581 750 635 LVDORVM
776 582 1043 635 SAECVLARIVM.

191 757 341 815 74745
406 756 484 815 :t
510 759 546 815 14
689 760 896 818 13.5.....

188 878 216 916 v.
236 858 295 916 107
410 878 417 914 :
456 857 533 917 1.2.
559 862 606 919 15.
632 861 679 919 18.
705 862 751 920 13.
775 861 803 920 6.
828 862 855 919 7.

188 980 214 1017 7.
237 959 295 1018 132
409 984 416 1019 7
455 963 473 1021 2
500 1004 589 1019 .....

188 1083 217 1120 7.
235 1061 417 1121 lto-152:
457 1066 484 1122 l.
507 1064 535 1123 2.
560 1068 588 1124 4.
612 1065 660 1124 20.
685 1066 930 1126 17171776.
954 1067 1047 1126 9.13.
1071 1067 1118 1125 18.
1145 1067 1190 1124 10.
1215 1065 1242 1123 5.
1266 1065 1294 1124 6.
1318 1065 1345 1124 8.
1371 1066 1418 1123 11.
1443 1065 1471 1124 3.

559 1169 585 1225 7.
611 1170 659 1228 77.

189 1289 216 1327 v.
237 1269 332 1328 77777
412 1290 418 1326 :
574 1271 621 1329 77.
646 1270 693 1328 77.
719 1271 805 1347 777)
834 1313 924 1330 .....
953 1272 970 1329 7
998 1315 1087 1330 .....

148 1476 182 1533 17
205 1475 254 1534 1717
278 1475 425 1534 indicibus
448 1476 485 1532 ad
513 1477 754 1535 honorificentiae
776 1477 898 1553 gradum
921 1486 1087 1554 respectum
1110 1476 1246 1536 7777771
1269 1476 1336 1534 inde
1358 1476 1474 1534 intelle·

148 1580 236 1656 gitur,
264 1579 344 1654 quod
367 1580 519 1654 Augustus
541 1593 571 1636 et
593 1580 728 1655 Agrippa
754 1580 804 1638 ubi
827 1581 1017 1638 nominantur
1038 1579 1230 1655 praecedunt,
1258 1588 1408 1636 extremus
1431 1588 1476 1636 est

147 1681 353 1751 Messallinus,
375 1700 460 1757 quem
483 1688 601 1740 7777777
622 1681 876 1742 adulescentulum
897 1682 927 1740 in
949 1683 1108 1760 collegium
1130 1692 1280 1758 receptum
1300 1699 1368 1740 esse
1389 1691 1418 1738 77
1439 1699 1475 1739 77

148 1794 293 1860 tempore,
316 1802 376 1859 quo
397 1783 460 1841 ludi
482 1784 620 1843 celebrati
644 1794 722 1857 sunt,
744 1785 907 1845 honoribus
927 1786 1079 1844 etiamtum
1095 1786 1238 1843 caruisse.
1273 1781 1333 1843 Sed
1355 1783 1392 1841 ad
1415 1802 1476 1841 cer-

148 1896 209 1944 tam
233 1886 329 1962 legem
351 1904 491 1947 recensus
506 1905 557 1945 eos
579 1907 638 1945 non
658 1905 725 1946 7777
747 1889 899 1947 1777177777
922 1890 992 1946 item
1014 1886 1082 1946 inde
1097 1887 1234 1957 efficitur,
1256 1885 1386 1961 777710.
1404 1884 1477 1945 Sen-

148 1989 207 2047 tius
230 2008 295 2047 cos.
313 1990 372 2046 735
395 1989 526 2047 secundo
546 1989 613 2048 loco
640 1991 804 2064 praecedit,
831 2000 938 2067 quarto
966 1992 1099 2065 sequitur
1121 1990 1161 2047 M.
1180 1989 1311 2048 Lollium
1333 2007 1393 2046 777.
1418 1989 1478 2047 for·

149 2100 232 2150 tasse
255 2111 283 2148 a.
303 2092 371 2149 733.
409 2092 484 2150 Item
507 2092 558 2166 qui
582 2100 679 2150 777777
700 2093 850 2151 consulari
873 2093 949 2151 inter
971 2095 1103 2168 77177777
1126 2093 1211 2150 777717
1234 2092 1299 2149 1777
1322 2091 1413 2150 171777
1435 2091 1479 2149 71-

148 2194 235 2253 717777
256 2194 375 2252 Ρ771777
397 2195 540 2253 Messalla
561 2196 666 2253 consul
688 2194 829 2255 suffectus
852 2215 879 2253 7.
896 2194 956 2253 777
980 2195 1175 2273 (praecedunt
1198 2214 1263 2253 eum
1286 2192 1322 2251 L.
1339 2192 1478 2253 Censori·

149 2315 204 2355 nus
226 2297 337 2355 consul
360 2317 386 2353 7.
404 2298 463 2355 715
486 2306 516 2355 77
538 2295 572 2356 Ο.
595 2295 701 2356 Sosius
724 2298 892 2357 ordinarius
914 2318 941 2354 a.
959 2298 1032 2373 722)
1053 2298 1163 2373 quique
1184 2297 1262 2355 ludis
1285 2314 1402 2372 quoque
1423 2297 1479 2354 cir·

149 2400 292 2458 censibus
319 2400 483 2476 praesedit,
511 2401 540 2457 in
563 2417 687 2458 recensu
709 2412 817 2476 quarto
839 2400 936 2458 locum
957 2401 1072 2458 obtinet
1093 2408 1161 2476 post
1182 2397 1220 2472 Q.
1240 2397 1387 2475 Lepidum
1409 2416 1479 2456 con-

149 2502 246 2561 sulem
271 2503 392 2560 omnino
415 2521 441 2559 7.
460 2501 527 2559 733.
561 2501 699 2578 Ι)771777
721 2503 752 2560 17
774 2503 849 2561 77717
865 2503 1021 2561 Arvalium
1041 2522 1144 2560 corum
1166 2503 1217 2577 qui
1239 2501 1395 2560 adfuerunt
1417 2520 1480 2559 cer·

150 2613 212 2663 tum
235 2604 371 2663 ordinem
395 2623 454 2663 uon
477 2604 630 2662 observari
653 2606 837 2664 ostendimus
864 2607 893 2662 in
920 2605 1051 2663 auctario
1079 2605 1146 2662 huic
1173 2604 1385 2662 commentario
1411 2604 1481 2660 sub·

150 2709 262 2766 iuncto.
319 2708 425 2782 Itaque
452 2716 485 2765 ut
511 2707 540 2765 in
568 2709 738 2766 universum
766 2708 935 2767 sacerdotes
963 2718 1033 2766 natu
1061 2709 1189 2766 maiores
1219 2718 1248 2766 77
1275 2706 1480 2765 honoratiores

149 2810 343 2887 praecedunt,
367 2811 408 2867 ita
430 2810 467 2867 ad
490 2809 651 2884 legitimam
674 2829 808 2869 normam
830 2811 860 2868 171
882 2810 1006 2886 77717771
1030 2829 1088 2866 777
1111 2820 1210 2887 777777
1232 2818 1261 2867 77
1275 2828 1353 2885 7777
1368 2817 1482 2867 7777777

151 2914 294 2991 ambigua
317 2933 374 2972 non
399 2930 493 2989 pauca
515 2913 551 2969 de
573 2914 720 2989 personis,
744 2913 857 2970 ordinis
880 2931 936 2987 ope
958 2931 1064 2989 parum
1087 2911 1327 2971 determinantur.

235 3016 408 3093 Magistros,
431 3032 507 3090 quos
529 3016 659 3090 quinque
682 3033 804 3073 numero
827 3015 921 3072 fuisse
943 3014 1013 3072 lasti
1037 3013 1200 3091 Capitolini
1223 3014 1393 3086 ostendunt,
1415 3022 1482 3072 acta

152 3119 225 3177 17777
248 3118 340 3176 semel
368 3127 479 3176 tantum
504 3118 656 3201 numipaut
678 3136 704 3175 v.
722 3116 760 3175 29
788 3118 818 3174 iu
845 3117 971 3175 formula
996 3119 1178 3187 1771777777,
1207 3120 1295 3176 isdem
1316 3136 1390 3192 77777.
1414 3136 1437 3175 7.
1453 3118 1480 3189 s.

150 3221 341 3299 praescripta
362 3221 480 3279 decreto
503 3218 635 3295 collegii,
663 3238 723 3294 qua
743 3220 859 3277 videtur
880 3219 1004 3277 indicari
1031 3238 1082 3277 777
1110 3238 1223 3278 annuos
1251 3218 1344 3279 fuisse
1372 3218 1483 3293 pariter

152 3334 242 3400 777777
276 3323 394 3399 collegii
427 3321 578 3380 Arvalium
591 3320 628 3396 ¹).
677 3322 837 3380 Praeterea
868 3323 898 3379 17
932 3321 1195 3380 senatusconsulto
1229 3341 1256 3379 7.
1279 3323 1317 3380 57
1351 3323 1483 3396 magistri

151 3426 308 3485 XVoirum
333 3425 419 3483 ludos
442 3426 528 3483 edere
550 3426 695 3482 dicuntur.
740 3425 773 3482 ln
796 3425 870 3500 ipsis
899 3425 973 3482 actis
999 3434 1099 3499 partes
1125 3442 1226 3483 eorum
1249 3424 1349 3482 nullae
1371 3442 1482 3481 memo·

151 3540 272 3599 rantur3
300 3532 454 3605 Augustus
477 3536 506 3584 et
529 3528 664 3602 Agrippa
686 3546 750 3585 cum
777 3546 831 3603 pro
853 3526 979 3602 collegio
1002 3545 1116 3584 sacrum
1142 3527 1261 3599 faciant,
1289 3526 1337 3583 1717
1359 3534 1485 3585 nonest

152 3632 228 3690 17777
251 3632 428 3707 magistros;
459 3648 516 3686 non
544 3630 639 3706 magis
668 3639 714 3687 est
740 3649 842 3687 eorum
871 3646 947 3685 unus
970 3628 1088 3686 Potitus
1112 3629 1255 3687 Messalla
1280 3629 1378 3703 isqui
1404 3628 1482 3686 ludis

152 3733 335 3792 circensibus
363 3731 526 3807 praesidet;
557 3731 684 3808 denique
706 3731 848 3807 quidquid
876 3733 909 3789 lit
936 3750 989 3806 pro
1012 3731 1136 3808 collegio
1159 3732 1335 3800 ediciturre,
1364 3730 1484 3789 XVviri

153 3835 266 3894 iaciunt
288 3836 445 3893 7711777777
472 3834 522 3910 (cl.
546 3855 572 3891 v.
590 3836 642 3892 40:
669 3833 713 3909 [a]
736 3834 853 3909 collegio
876 3832 983 3909 edicti),
1005 3853 1065 3892 non
1088 3835 1223 3910 magistri
1246 3853 1356 3892 corum.

406 4245 673 4308 SAEGVLARIA
700 4245 903 4307 DECRETA
930 4246 986 4305 ET
1012 4243 1246 4306 ORDINATA.

242 4452 336 4515 Sacra
364 4454 484 4531 publica
512 4454 615 4531 populi
643 4454 769 4512 Romani
797 4464 826 4512 77
852 4455 877 4513 71
905 4457 956 4529 771
985 4472 1051 4511 curn
1080 4452 1125 4508 his
1152 4451 1300 4509 coniuncti
1328 4461 1396 4509 77777
1423 4450 1485 4507 ludi

159 4558 243 4616 liunt·
260 4567 312 4615 aut
334 4577 386 4634 777
407 4557 600 4632 magistratus
623 4565 673 4613 aut
694 4578 747 4632 per
761 4557 942 4627 sacerdotes,
965 4555 1101 4632 publicos
1123 4554 1225 4631 populi
1240 4553 1370 4612 Romani
1391 4563 1486 4611 utros·

160 4679 227 4735 que,
256 4661 431 4737 praesertim
455 4679 508 4737 per
529 4659 720 4735 collegiorum
743 4659 929 4735 publicorum
953 4658 1123 4734 magistros.
1157 4655 1206 4715 De
1227 4656 1294 4733 ipso
1316 4656 1486 4714 discrimine

158 4762 294 4840 pluribus
317 4782 466 4839 exponere
489 4780 547 4819 uon
570 4770 617 4818 777
639 4761 725 4818 177177
747 4761 806 4819 1771
829 4760 879 4834 (71.
897 4760 1073 4819 Staatsreclt
1096 4757 1230 4832 71337
1252 4759 1380 4817 77771777
1401 4778 1488 4835 7777-

160 4866 262 4922 sertim
285 4866 314 4921 in
337 4864 466 4939 eoquod
490 4864 566 4921 ludis
590 4862 656 4920 aliis
678 4864 851 4939 praesident
873 4865 1075 4938 magistratus,
1098 4871 1129 4918 ut
1142 4861 1288 4920 Romanis
1311 4870 1340 4917 77
1361 4860 1486 4935 71757117

240 5186 262 5248 ¹)
293 5188 466 5237 confirmatur
484 5187 511 5236 id
530 5189 593 5236 77717
607 5188 767 5247 8777717717;
787 5188 823 5237 ibi
842 5202 865 5237 a.
881 5187 933 5237 203
954 5186 1074 5249 magister
1086 5193 1124 5235 est
1137 5184 1259 5235 Manilius
1271 5182 1377 5243 Fuscus,
1397 5195 1422 5231 7.
1437 5182 1489 5232 204

162 5277 302 5345 Pompeius
321 5278 492 5330 Rueouiauus.

1220 5382 1279 5443 16⁹
