3798 5910
617 499 798 555 nvnonvu
825 498 1097 556 asseverarunt.
1450 476 1521 551 ‘271

189 679 245 756 qui
272 687 366 737 artem
394 677 538 737 ludicram
564 678 691 736 iaciunt:
722 678 799 736 unde
821 678 871 735 hic
895 677 994 753 priore
1019 677 1086 735 loco
1107 675 1297 734 nominantur
1308 675 1346 751 1).
1389 675 1524 733 Asticie

187 782 346 840 contrario
368 780 420 856 (cf.
444 779 603 841 Suetonius
626 781 695 839 Tib.
713 781 744 840 6:
768 782 917 856 praesedit
937 788 964 837 et
985 782 1081 838 asticis
1105 778 1193 847 ludim
1221 776 1289 837 Gai.
1306 777 1359 836 20:
1388 779 1476 836 edidit
1495 781 1524 834 iri

190 882 301 943 Sicilia
332 882 488 961 Syracusis
518 888 621 942 asticos
652 883 735 941 ludos
763 882 833 959 eet.)
864 891 934 941 sunt
959 882 1089 939 scaenici
1118 881 1206 939 soliti.
1234 913 1274 923 —
1301 880 1466 939 Theatrum
1493 880 1524 938 in

188 987 272 1046 circo
295 986 446 1045 Flaminio
470 986 649 1062 intellegitur
670 985 804 1045 Marcelli
828 993 966 1060 coeptum
989 1005 1007 1042 a
1029 982 1159 1042 Caesare
1182 983 1333 1056 dictatore,
1357 983 1521 1041 dedicatum

188 1089 392 1166 quadriennio
414 1089 476 1148 iere
499 1098 569 1166 post
590 1088 687 1147 editos
710 1087 799 1159 ludos
822 1088 990 1145 saeculares
1017 1086 1148 1160 (Becker
1170 1094 1287 1162 topogr.
1309 1104 1338 1161 p.
1356 1084 1440 1160 603).

275 1189 354 1249 Ludi
377 1192 525 1250 circenses
547 1193 577 1250 iu
601 1190 794 1249 sollemnibus
819 1190 906 1248 tertio
928 1191 975 1247 die
1002 1190 1039 1248 ab
1062 1189 1136 1246 hora
1158 1190 1257 1246 nescio
1279 1205 1339 1264 qua
1365 1186 1448 1263 (uam
1471 1207 1522 1246 nu·

188 1311 291 1351 merus
320 1293 410 1371 periit
435 1295 465 1352 iu
491 1293 589 1369 hiatu)
615 1294 707 1353 solito
731 1311 812 1351 more
835 1292 988 1351 scaenicos
1010 1292 1171 1373 excipiunt.
1216 1289 1265 1349 Ad
1288 1291 1408 1349 eosdem
1430 1291 1524 1367 perti·

189 1404 263 1455 ueut
277 1399 343 1472 equi
357 1396 541 1473 quadrigarii
561 1398 592 1454 in
608 1395 686 1454 ludis
702 1396 906 1455 saecularibus
921 1394 1000 1472 apud
1014 1393 1137 1452 Festum
1161 1393 1203 1467 (v.
1215 1393 1380 1451 Tarentum
1401 1413 1429 1470 p.
1447 1393 1521 1467 351)

188 1501 426 1558 commemorati.
462 1498 489 1557 li
511 1510 543 1557 ut
564 1499 646 1571 fiant,
668 1508 757 1557 metae
776 1495 1133 1574 positaesant(v.154):
1158 1515 1285 1573 quocum
1301 1495 1521 1565 conterendum,

188 1601 271 1677 quod
293 1602 363 1679 imp.
381 1600 527 1661 Claudius
553 1603 584 1660 in
610 1602 678 1676 ipso
705 1601 785 1659 circo
812 1601 943 1660 maximo
971 1609 1064 1658 metas
1091 1607 1212 1657 auratas
1240 1598 1303 1657 fieri
1333 1600 1423 1657 iussit
1448 1616 1522 1675 quae

189 1705 302 1780 ligneae
323 1714 407 1764 antea
425 1705 547 1779 juerant
560 1701 746 1781 (Suetonius
770 1700 877 1763 Claud.
894 1703 957 1779 tt).
1002 1702 1062 1779 lpsi
1090 1701 1150 1759 ludi
1178 1701 1326 1760 circenses
1349 1700 1520 1759 XVrirales

186 1807 279 1883 plane
301 1807 484 1882 respondent
505 1807 553 1880 iis,
580 1823 657 1882 quos
679 1806 837 1883 collegium
859 1805 1016 1865 Arvalium
1040 1805 1189 1864 celebrare
1211 1804 1302 1863 solet:
1330 1805 1374 1862 ita
1394 1804 1424 1862 in
1448 1804 1521 1863 actis

187 1911 256 1968 eins
279 1928 305 1966 a.
323 1910 359 1969 81
385 1911 458 1967 haec
480 1909 630 1987 leguntur:
653 1913 789 1985 mapister
809 1908 842 1968 C.
857 1909 959 1968 lanias
974 1908 1128 1984 Mefitaous
1145 1917 1296 1966 coronatas
1317 1910 1464 1966 riciniatrm
1487 1908 1521 1965 de

186 2011 378 2087 quarrerihaa
400 2017 512 2089 sipnam
539 2014 725 2089 quadriparis
755 2021 781 2071 et
806 2011 992 2071 desultorihus
1020 2015 1110 2082 misit,
1140 2030 1210 2089 qaas
1239 2013 1350 2069 aaronis
1381 2013 1520 2086 arpeateis
1630 2084 1633 2089 Α

187 2118 311 2173 ornauit,

272 2215 377 2276 Ludos
399 2217 575 2276 honorarius
598 2218 749 2277 scaenicos
773 2218 909 2294 sequitur
931 2217 1060 2290 venatio,
1087 2217 1141 2275 sed
1163 2217 1274 2275 indicta
1297 2215 1394 2275 edicto
1416 2216 1518 2287 altero,

186 2338 298 2396 neque,
327 2329 360 2378 ut
386 2319 448 2378 ludi
471 2320 629 2380 sollemnes
652 2328 789 2380 coustant
810 2319 955 2379 scaenicis
978 2332 1008 2379 et
1029 2319 1226 2392 circensibus,
1252 2320 1295 2377 ita
1316 2320 1517 2378 scaenicorum

184 2421 325 2480 ludorum
348 2432 377 2480 et
399 2440 565 2501 pugnarum
588 2423 704 2501 publice
720 2423 866 2481 editarum
887 2422 1020 2502 legitima
1034 2422 1201 2480 communio
1222 2420 1287 2479 iuit.
1320 2419 1517 2480 Venationem

187 2524 239 2582 ubi
253 2522 375 2583 XVriri
396 2525 542 2584 ediderint
563 2535 695 2585 actorum
718 2526 861 2603 reliquiae
883 2544 942 2585 nou
957 2526 1126 2596 enuntiant3
1148 2525 1302 2602 Augustus
1317 2524 1420 2583 scribit
1441 2522 1519 2598 (An-

186 2645 250 2703 cyr.
267 2628 295 2700 4,
312 2626 366 2703 39)
389 2630 563 2688 venationes
585 2628 716 2688 edidisse
742 2647 774 2688 se
799 2634 830 2687 in
851 2632 927 2688 circa
955 2638 1006 2687 aut
1026 2632 1058 2685 irt
1076 2629 1144 2702 foro
1166 2637 1216 2686 aat
1240 2631 1269 2685 ia
1291 2627 1517 2703 amphitheatris.

184 2728 321 2806 Pompae
345 2740 377 2786 ut
398 2732 511 2807 passim
534 2732 645 2790 mentio
667 2731 700 2789 lit
720 2732 751 2789 in
771 2732 849 2790 ludis
864 2731 1048 2790 circensibus
1070 2730 1186 2789 seilicet
1209 2748 1361 2789 sacrorum
1383 2729 1518 2807 publico·

185 2851 253 2889 rum
275 2850 365 2890 causa
386 2833 484 2907 editis,
507 2834 550 2891 ita
571 2834 601 2893 iu
624 2834 811 2911 gladiatoriis
828 2834 1094 2909 venationibusque
1112 2852 1131 2890 a
1146 2834 1240 2892 sacris
1262 2833 1389 2910 publicis
1411 2831 1517 2891 alienis

185 2934 266 3012 apud
289 2935 449 3012 scriptores
472 2945 552 2995 certe
574 2955 633 2996 nou
655 2945 848 2995 memoratur:
876 2956 946 2996 uam
968 2936 1048 3012 quod
1070 2935 1253 3012 gladiatores
1276 2934 1451 3011 pompaliter
1472 2953 1517 2992 or·
1596 2989 1598 2993 .

184 3041 249 3096 auti
270 3038 300 3096 iu
323 3038 464 3097 harenam
486 3036 686 3115 introeunt2),
707 3039 782 3098 nihil
804 3040 911 3117 opinor
932 3057 1088 3098 commane
1109 3039 1198 3096 habet
1219 3057 1286 3097 cum
1305 3056 1413 3114 pompa
1429 3056 1518 3114 prae·

186 3140 257 3199 lata.
302 3140 337 3198 ld
364 3141 462 3216 ipsum
491 3142 588 3200 minus
615 3142 735 3219 proprie
758 3142 866 3201 dictum
889 3142 1109 3202 videturesse:
1137 3142 1257 3219 proprie
1283 3141 1419 3200 dicuutur
1441 3140 1519 3197 tituli

185 3243 409 3318 simulacraque
428 3262 536 3320 pompa
553 3243 742 3321 praeferrii)
764 3244 811 3302 vel
832 3245 901 3320 ipsa
919 3262 1026 3322 pompa
1048 3243 1156 3302 dicitur
1170 3243 1299 3320 jerri⁴).
1333 3243 1450 3303 XVviri
1474 3252 1518 3300 ta-

185 3365 254 3405 men
281 3346 311 3402 in
333 3346 515 3405 circensibus
537 3346 573 3405 de
600 3365 710 3424 pompa
736 3354 868 3406 tacentes
895 3366 1033 3424 pompam
1056 3346 1224 3405 venationis
1251 3347 1282 3404 in
1303 3356 1370 3405 acta
1396 3345 1517 3405 rettule-

184 3457 265 3507 runt.
302 3450 345 3506 At
366 3448 435 3524 quid
457 3450 488 3506 in
510 3468 547 3507 ea
567 3467 677 3525 pompa
697 3447 768 3508 ferri
790 3450 938 3521 iusserint,
961 3468 1028 3508 cum
1052 3448 1173 3507 deorum
1196 3449 1365 3523 simulacra,
1387 3449 1517 3526 quaein

185 3552 304 3628 pompis
326 3550 374 3609 his
396 3552 584 3628 potissimum
608 3552 707 3610 solent
731 3554 845 3628 portari
867 3552 989 3611 ferculis
1011 3551 1166 3628 imposita,
1195 3552 1232 3609 eb
1255 3553 1309 3610 hac
1330 3551 1445 3611 laetitia
1465 3552 1516 3610 ab·

184 3653 336 3725 horreant,
359 3653 481 3712 definire
496 3656 554 3713 nou
571 3654 676 3713 audeo.
711 3652 853 3714 Fortasse
869 3655 1072 3732 anaglyphum
1087 3664 1236 3729 repertum
1250 3653 1415 3731 Pompeiis,
1437 3654 1517 3731 quod

186 3755 225 3813 ad
245 3755 333 3814 ludos
356 3756 550 3832 gladiatorios
578 3758 641 3815 sive
663 3758 801 3817 funebres
829 3758 891 3815 sive
914 3757 1176 3834 amphitheatrales
1200 3766 1335 3834 spectare
1357 3757 1413 3815 riri
1435 3756 1516 3816 docti

187 3951 392 3960 ——ffl

263 4092 287 4156 ¹)
316 4094 349 4144 Iu
369 4093 471 4159 oppidis
490 4093 596 4146 Graccis
616 4109 669 4144 uun
686 4107 746 4145 raro
766 4093 931 4144 inveniuntur
949 4093 1146 4158 thymelicorum
1166 4094 1286 4159 collegia3
1311 4094 1349 4143 ita
1367 4092 1393 4144 in
1414 4094 1515 4144 civitate

184 4194 252 4237 certs
271 4187 429 4252 semigraeca
440 4187 572 4237 Nemauso
591 4186 640 4236 tuit
660 4171 715 4254 lapsi
733 4172 860 4255 baptismi
878 4174 982 4243 ου’νοδος
1000 4186 1104 4249 (Kaibel
1123 4188 1199 4238 iuscr.
1215 4184 1307 4238 Graec.
1320 4186 1379 4236 Ital.
1398 4193 1425 4236 et
1443 4186 1514 4238 Sieil.

185 4295 210 4344 p.
225 4279 290 4341 ⁷51)
314 4280 460 4345 similesque
480 4280 620 4329 extiterunt
637 4278 749 4344 Neapoli
769 4286 794 4329 et
812 4279 911 4331 Romae
930 4286 956 4329 et
974 4279 1035 4329 alibi
1055 4277 1083 4342 (l.
1097 4278 1140 4341 ο).
1177 4279 1269 4329 Latine
1288 4280 1397 4344 scriptos
1415 4278 1514 4343 lapides

183 4387 243 4423 raro
267 4387 357 4422 eorum
381 4373 535 4422 mentionem
559 4372 643 4423 fecere
668 4379 868 4423 cousentaneum
893 4379 945 4434 est3
968 4371 1001 4421 ci.
1020 4371 1049 4422 C.
1063 4372 1085 4421 1.
1098 4373 1128 4422 L.
1143 4372 1191 4435 VI,
1212 4372 1314 4422 loldl:
1339 4368 1514 4421 Athenodorus

183 4465 297 4531 spatieris
314 4462 410 4514 Paridi
428 4461 556 4530 thymelica
576 4461 634 4514 hene
652 4465 755 4515 maenti
770 4463 844 4529 fecit.
877 4466 971 4516 Aetate
990 4464 1128 4515 Iustiniani
1148 4466 1262 4529 quintum
1286 4479 1432 4529 processum
1453 4480 1513 4515 con·

183 4559 293 4608 aularum
312 4545 355 4620 mir
374 4554 413 4606 brt
431 4545 461 4605 ri
480 4553 588 4625 θίοτρον
607 4545 725 4625 ἄγουσαν,
746 4546 773 4619 ἦν
791 4542 822 4619 hri
839 4545 931 4625 aripret
949 4552 1070 4606 καλοῧοιν
1089 4557 1192 4607 novella
1211 4557 1266 4606 eius
1284 4556 1330 4606 CV
1342 4558 1379 4607 ita
1397 4564 1511 4608 enarrat:

183 4644 247 4699 ἔνθα
264 4654 318 4707 τοῖς
338 4646 377 4698 irrl
396 4646 483 4714 σκηνῆς
501 4649 678 4716 γελωτοποιοῖς
697 4644 769 4698 ἔσται
786 4639 860 4720 χόρο
878 4645 1014 4717 τραγῳδοῖς
1032 4666 1059 4698 το
1080 4642 1121 4698 καὶ
1140 4652 1193 4705 τοῖς
1212 4646 1250 4697 tat
1268 4645 1311 4712 οῆς
1329 4646 1444 4718 θνμίλης
1461 4666 1513 4720 χο.

185 4745 245 4811 pair,
265 4731 384 4810 θιοῖμοοί
401 4760 427 4792 rr
446 4738 610 4799 παντοδαποῖς
629 4734 671 4790 καὶ
691 4730 845 4809 οἷκοῦομοοιν
864 4733 1012 4809 οἷνεῳγμίνον
1032 4735 1087 4791 ἐστὶ
1105 4729 1135 4791 ri
1154 4738 1271 4809 θίοτρον,

261 4833 286 4898 ²)
313 4836 500 4887 Friedlaeuder
518 4835 585 4901 apud
605 4835 809 4900 Marquardtium
829 4832 973 4885 Handdach
994 4836 1009 4885 6
1029 4852 1055 4900 p.
1069 4835 1130 4886 561.

260 4926 287 4993 ⁸)
316 4930 421 4981 Sueten.
436 4930 489 4980 Tit.
504 4931 532 4978 2:
551 4935 659 4978 statuam
678 4963 703 4978 ..
723 4943 753 4978 erc
764 4925 837 4978 chore
849 4935 990 4995 equestrem,
1010 4944 1073 4994 quae
1086 4928 1193 4978 circensi
1198 4944 1294 4995 pampo
1307 4926 1427 4995 hodieque
1434 4944 1511 4995 prae·

176 5021 271 5085 jertrrr.
309 5021 384 5072 Caes.
398 5021 446 5071 37:
470 5019 577 5072 Pontico
596 5019 718 5088 triumpho
743 5021 809 5071 inter
825 5036 932 5088 pompae
948 5020 1054 5085 sermda
1073 5021 1146 5071 triam
1163 5019 1292 5070 amborum
1312 5019 1435 5088 praetulit
1452 5021 1511 5070 tita-

184 5114 233 5164 hrm
248 5103 321 5164 ‘aeni
336 5112 394 5163 vidi
409 5104 479 5164 aici’.

260 5204 286 5272 ⁴)
315 5208 398 5258 Varro
418 5207 450 5258 de
468 5207 485 5256 l.
504 5207 553 5258 Lat
576 5207 683 5272 h,153:
702 5208 795 5257 circum
812 5213 890 5257 metas
906 5205 993 5274 fatur
1005 5223 1109 5277 pompa.
