3816 5912
398 508 470 581 252
1011 533 1108 585 actu

396 694 494 781 μέλῃοι
515 694 564 763 καὶ
580 695 717 786 ἇνδρᾶαιν
731 698 869 788 ἑδρνέωσιν
884 700 969 766 ἔνθεν
984 701 1124 791 ποραῦνῃν
1137 700 1311 779 μεμνημένος.
1346 706 1465 769 Scilicet
1480 701 1620 788 ἀπαρχαί
1637 708 1723 784 ipsae

397 818 466 869 sunt
486 809 599 887 fruges:
622 828 673 868 eas
691 809 807 887 Sibylla
828 811 908 869 iubet
929 812 1054 870 conferri
1076 821 1106 870 et
1128 812 1281 871 adservari
1297 811 1463 889 diligenter,
1485 819 1517 869 ut
1537 811 1607 870 inde
1623 809 1723 870 debita

396 912 549 971 solvantur
570 913 737 990 thymelicis
760 922 789 970 et
810 914 1022 985 adsidentibus,
1045 915 1076 972 id
1098 925 1145 973 cst
1166 916 1255 985 indiis
1279 924 1309 974 et
1325 913 1550 992 spectatoribus.
1584 913 1723 973 Zosimus

396 1034 472 1091 quae
495 1016 530 1074 de
552 1016 688 1092 frugibus
715 1016 818 1087 tradit,
843 1017 874 1074 in
900 1018 1051 1093 plerisque
1074 1019 1240 1077 concinunt.
1283 1016 1364 1077 Nam
1391 1026 1551 1092 antequam
1578 1015 1724 1094 incipiunt

396 1137 494 1190 sacra,
523 1118 597 1176 locis
619 1136 710 1194 supra
731 1119 870 1177 indicatis
892 1111 1036 1177 circuitui
1058 1116 1161 1201 κριθῆν
1182 1109 1303 1181 ἕκαστος
1326 1108 1400 1202 (pipat
1430 1107 1478 1175 uni
1498 1110 1617 1187 κύαμον,
1644 1127 1723 1177 recte

397 1220 525 1280 omnino.
569 1220 687 1280 Deinde
709 1230 867 1299 postquam
890 1222 976 1300 primi
1000 1222 1058 1281 diei
1080 1223 1276 1283 caerimonias
1298 1221 1456 1293 enarravit,
1477 1220 1521 1278 ita
1539 1220 1617 1280 finit:
1644 1212 1721 1288 uoui-

396 1319 490 1392 ζονται
514 1310 544 1379 δὲ
567 1322 590 1380 οἳ
612 1324 705 1381 ταῦτα
727 1326 871 1385 ποιοῦντες
891 1319 1001 1395 μοοθδν
1015 1318 1069 1389 τοὶς
1089 1318 1233 1409 ἀπαρχὰς
1253 1326 1309 1383 τοῖν
1322 1324 1439 1406 καρποῖο
1452 1315 1531 1382 οἶτον
1552 1313 1601 1381 καὶ
1620 1320 1722 1405 κριθῆς

395 1415 442 1482 καὶ
466 1415 596 1490 κυάμων·
620 1413 705 1483 αὗται
733 1420 789 1510 γαρ
822 1421 856 1489 oie
884 1417 990 1508 εἴρηταί
1018 1450 1063 1493 μοι
1093 1418 1142 1485 καὶ
1167 1429 1210 1506 spi
1235 1418 1314 1504 δήμῳ
1340 1415 1423 1484 παντὶ
1449 1418 1631 1496 διανέμονται.
1674 1424 1721 1486 ltu

395 1528 473 1604 quod
497 1529 645 1605 significat
667 1524 810 1613 ἀπαρχὰς
836 1530 902 1589 illas
925 1529 1098 1590 distributas
1119 1549 1185 1590 esse
1212 1531 1251 1589 iis
1278 1529 1329 1606 qui
1350 1529 1547 1589 oecumenius
1574 1528 1722 1606 ludosque

394 1631 510 1689 executi
537 1631 610 1702 sint,
640 1632 711 1691 item
737 1653 802 1692 cum
830 1634 959 1692 carmine
985 1634 1136 1705 convenit,
1165 1633 1216 1694 sed
1244 1642 1378 1693 extrema
1403 1632 1588 1711 refragantur
1610 1641 1660 1690 aut
1681 1632 1720 1689 ab

395 1741 514 1791 auctora
538 1734 615 1793 male
637 1735 753 1794 adiecta
781 1745 844 1809 aut,
873 1737 951 1813 quod
980 1737 1076 1814 magis
1098 1735 1272 1795 crediderim
1300 1735 1413 1794 hiantia
1434 1742 1610 1812 corruptave
1632 1733 1719 1810 culpa

394 1836 596 1896 librariorum:
619 1840 751 1916 exempli
772 1857 866 1899 caum
885 1847 954 1915 post
975 1828 1019 1906 aei
1042 1840 1190 1899 excidisse
1212 1839 1443 1917 possuntverba
1463 1831 1542 1921 sapei
1563 1839 1614 1896 τοῦ
1630 1825 1718 1907 &aas
1746 1844 1751 1853 ·

394 1932 499 2001 παντὸς
521 1929 718 2020 συμφέρονται.

749 2230 847 2294 DIES
876 2232 933 2292 ET
959 2231 1095 2294 Locvs
1124 2230 1361 2293 sncssosvrt.

476 2399 646 2461 Secundum
668 2410 823 2477 computos
839 2420 857 2459 a
871 2402 1029 2460 XVvirum
1045 2401 1171 2479 collegio
1192 2402 1336 2478 probatos
1357 2400 1445 2460 ludos
1460 2399 1627 2459 saeculares
1643 2399 1719 2459 cele·

393 2504 472 2564 brari
494 2504 632 2563 debuisse
654 2519 732 2561 anno
754 2524 781 2562 u.
800 2521 824 2561 c.
843 2504 917 2576 738,
945 2504 1110 2564 celebratos
1132 2521 1200 2564 esse
1222 2520 1300 2562 anno
1322 2501 1517 2581 praecedente
1538 2522 1604 2561 cum
1626 2510 1718 2562 testes

393 2625 496 2667 omnes
518 2608 717 2678 consentiant,
746 2606 810 2665 eius
837 2606 1058 2684 anticipationis
1080 2624 1173 2665 causa
1197 2606 1332 2665 exactis
1360 2606 1470 2665 nostris
1497 2623 1563 2663 cum
1591 2605 1718 2665 exordio

393 2730 494 2769 eorum
517 2710 628 2768 excidit
653 2726 749 2785 neque
771 2710 929 2785 quicquam
952 2708 1031 2787 quod
1058 2727 1093 2767 eo
1122 2710 1267 2786 pertineat
1293 2708 1373 2784 apud
1399 2718 1536 2767 auctores
1564 2712 1718 2783 reperitur.

392 2812 551 2871 Probabile
573 2820 672 2870 autem
696 2820 742 2870 est
760 2813 928 2889 Augustum
951 2811 1010 2870 iam
1031 2820 1092 2871 tum
1114 2812 1151 2870 de
1173 2812 1280 2871 itinere
1299 2810 1417 2871 Gallico
1438 2810 1617 2890 cogitavisse
1638 2828 1717 2869 anno

394 2915 529 2992 sequenti
553 2912 753 2991 suscipiendo,
775 2914 856 2990 quod
878 2931 1058 2991 quamquam
1081 2913 1261 2973 adceleravit
1281 2914 1402 2973 nuntius
1418 2912 1455 2972 de
1468 2911 1552 2972 clade
1565 2910 1717 2987 Lolliana,

391 3039 451 3078 non
465 3028 588 3095 propter
602 3035 667 3076 eam
684 3026 852 3094 susceptum
868 3034 936 3075 esse
950 3017 998 3074 vel
1013 3016 1082 3075 inde
1097 3017 1256 3094 colligitur,
1271 3016 1350 3093 quod
1366 3034 1384 3073 a
1399 3035 1467 3075 vere
1482 3016 1551 3074 anni
1568 3016 1716 3093 sequentis

391 3123 429 3180 ad
451 3131 593 3179 aestatem
616 3128 643 3179 a
657 3119 713 3178 741
738 3120 877 3197 princeps
899 3120 930 3178 in
952 3118 1054 3178 Gallie
1075 3118 1285 3196 permansit1).
1333 3118 1452 3197 Religio
1483 3137 1543 3177 nou
1566 3118 1715 3191 obstsbst3

390 3243 457 3283 nam
480 3222 567 3282 civile
589 3240 707 3299 quoque
730 3222 883 3282 saeculum
905 3231 965 3280 tam
987 3233 1103 3282 centum
1123 3239 1265 3281 annorum
1287 3239 1376 3297 qnam
1393 3240 1539 3280 annorum
1555 3229 1672 3281 centum
1686 3229 1717 3281 et

390 3327 491 3385 decem
517 3325 639 3384 retinuit
659 3325 847 3402 aliquatenus
869 3324 1097 3384 inconstantiam
1120 3324 1231 3384 saeculi
1253 3324 1407 3396 naturalis,
1429 3323 1509 3400 quod
1530 3332 1576 3382 est
1591 3326 1716 3400 spatium

388 3429 616 3488 vitaehumanae
632 3427 826 3503 turpissimum
842 3425 1040 3502 (Censorinus
1060 3426 1106 3499 17,
1123 3426 1166 3504 2),
1188 3439 1218 3485 et
1232 3445 1349 3503 semper
1363 3445 1430 3485 eum
1445 3425 1546 3503 aliqua
1559 3425 1716 3485 latitudine

389 3540 543 3608 acceptum
566 3538 613 3588 est
634 3539 663 3588 et
684 3530 875 3602 celebratum,
897 3531 1124 3607 aequiparatum
1146 3530 1241 3607 magis
1257 3529 1352 3587 tribus
1367 3529 1608 3606 generationibus
1624 3546 1714 3605 quam

389 3633 531 3710 temporis
553 3632 651 3709 spatio
674 3631 713 3689 ad
728 3632 791 3690 dies
806 3632 969 3708 horamque
984 3632 1129 3692 dimenso.
1165 3632 1202 3691 Id
1217 3630 1297 3708 quod
1314 3631 1360 3689 vel
1376 3631 1445 3690 inde
1459 3630 1618 3708 colligitur,
1634 3630 1714 3706 quod

388 3735 524 3794 ludorum
547 3734 610 3794 dies
633 3734 757 3793 testibus
780 3735 854 3793 actis
875 3747 936 3793 tam
952 3735 1101 3814 Augustis
1124 3753 1212 3811 quam
1228 3731 1436 3808 Severisnisl)
1459 3751 1518 3792 non
1535 3740 1633 3792 status
1647 3733 1713 3807 fnit,

389 3839 441 3897 sed
463 3856 519 3914 pro
541 3837 664 3895 arbitrio
686 3836 808 3913 singulis
831 3837 917 3896 annis
940 3837 1118 3896 constitutus
1141 3832 1239 3913 est³);
1266 3846 1445 3914 quapropter
1467 3836 1555 3895 etiam
1582 3837 1612 3894 iu
1634 3855 1712 3895 anno

388 3940 525 4016 eligendo
548 3950 607 3996 tam
630 3942 786 4017 Augustus
809 3959 897 4015 quam
919 3939 1111 3998 Domitianus
1133 3939 1245 4016 aliquid
1266 3947 1446 4017 putaverunt
1467 3940 1526 3998 sibi
1547 3938 1645 3997 licere.
1673 3970 1711 3982 -

389 4039 517 4115 Quando
539 4041 676 4100 deludis
699 4041 903 4101 saecularibus
925 4042 1108 4101 celebrandis
1131 4042 1178 4119 agi
1201 4051 1337 4119 coeptum
1360 4042 1408 4114 sit,
1432 4042 1507 4100 sctis
1527 4042 1638 4100 nostris
1654 4060 1713 4100 non

388 4144 547 4202 edocemur
562 4153 663 4222 utpote
678 4145 803 4203 exordio
820 4163 921 4204 eorum
935 4145 1106 4221 intercepto.
1140 4147 1219 4204 Acta
1230 4143 1400 4219 Severiana,
1416 4163 1541 4219 quorum
1557 4143 1711 4203 exordium

462 4416 486 4479 ¹)
515 4417 560 4467 Ad
579 4418 727 4469 decennalia
747 4432 793 4469 sua
812 4418 966 4471 celebranda
983 4433 1081 4470 annum
1100 4433 1158 4470 eum
1172 4421 1317 4484 Angustum
1336 4418 1487 4484 praetulisse
1506 4418 1617 4468 coniecit
1630 4415 1711 4469 Gasto

387 4510 500 4561 Boissier
523 4510 607 4573 (revue
626 4510 669 4561 des
688 4509 752 4561 deur
770 4509 869 4561 mordes
890 4511 959 4562 1892
984 4511 1061 4562 Mart.
1080 4528 1106 4577 p.
1125 4512 1184 4575 80);
1209 4512 1256 4561 sed
1279 4526 1361 4577 neque
1380 4510 1476 4561 indicia
1493 4510 1547 4560 ulla
1565 4525 1597 4561 eu
1616 4510 1712 4561 ducunt

387 4616 468 4669 neque
487 4617 533 4669 per
551 4619 579 4653 se
597 4604 624 4653 id
643 4604 851 4669 probabilitatem
871 4603 957 4654 habet.

462 4693 486 4758 ²)
515 4695 659 4747 Ostendant
677 4697 705 4745 id
725 4697 797 4746 locus
816 4710 849 4746 ex
868 4697 1106 4748 senatusconsulto
1127 4697 1158 4760 (1,
1180 4696 1238 4760 28):
1263 4697 1302 4747 uti
1321 4694 1376 4747 ludi
1393 4694 1536 4747 saeculares
1555 4696 1599 4763 qui
1616 4693 1711 4760 so[tr]tr'

385 4794 443 4839 sunt
459 4787 524 4838 iuter
542 4794 635 4838 neaman
653 4795 678 4838 et
695 4786 776 4838 decem
796 4785 896 4853 au[aos]
910 4787 982 4855 fieri,
999 4790 1106 4854 jactant
1123 4790 1235 4857 sequenti
1257 4791 1358 4840 ananias
1376 4786 1475 4852 diebo[s
1554 4824 1576 4851 .‚
1602 4796 1627 4837 et
1645 4788 1710 4838 alter

386 4874 419 4931 ex
438 4881 546 4946 epistula
563 4881 746 4946 imperatorum
768 4882 800 4931 ad
820 4882 942 4932 XVviros
967 4881 1034 4946 (111,
1055 4880 1095 4944 5):
1125 4882 1149 4932 si
1170 4880 1200 4933 de
1224 4882 1247 4931 is
1271 4878 1357 4932 diebru
1379 4898 1410 4933 ac
1434 4878 1547 4932 accubas
1571 4879 1708 4942 camelitas,

386 4971 474 5041 quibus
492 4971 566 5024 ludos
583 4972 726 5024 saeculares
743 4972 778 5023 ad
801 5009 883 5024 .....

461 5062 486 5128 ⁸)
514 5066 545 5116 Id
569 5066 650 5131 probe
673 5068 778 5132 agnovit
797 5064 857 5118 Otto
876 5067 1024 5118 Hirschfeld
1049 5065 1165 5130 (Wiener
1183 5064 1289 5117 Studien
1314 5068 1382 5118 lssl
1409 5083 1434 5131 p.
1451 5065 1528 5129 103),
1554 5079 1708 5131 quamquam

385 5161 441 5209 sins
460 5159 526 5209 insta
545 5172 630 5220 ansa,
655 5166 684 5209 ut
701 5159 766 5210 mihi
785 5159 894 5223 videtur,
919 5176 935 5212 a
954 5162 1073 5212 ludorum
1092 5160 1182 5211 diebus
1200 5160 1295 5211 saeculi
1313 5160 1415 5211 initium
1434 5159 1577 5225 distinguit,
1597 5158 1665 5224 quod
1684 5158 1708 5209 ei

386 5260 424 5301 est
442 5251 579 5302 solstitium
598 5252 730 5303 aestivum.
