3816 5912
76 1159 535 1275 counanimis
569 1158 871 1274 LVDORVM
906 1152 1357 1273 sanctoralis

141 1388 146 1399 ’
249 1345 620 1466 (171171011711
653 1347 734 1459 ΕΤ
768 1343 1188 1460 SEPTIMORVM.

704 1757 733 1838 I.

106 1942 508 2021 COMMENTARIVM
541 1941 785 2020 LVDORVM
819 1941 1166 2019 SAEOVLARIVM
1197 1939 1331 2033 QVIN-

323 2072 327 2080 ‘
634 2064 806 2141 TORVM

518 2232 554 2280 Δ.
568 2230 602 2280 V.
622 2228 653 2279 Ο.
671 2226 921 2289 Dcoxxwi).

55 2371 245 2510 Ludorum
275 2449 471 2508 saecularium
499 2449 665 2525 imperante
690 2451 829 2526 Augusto
858 2467 989 2539 anno'u.
1012 2466 1037 2506 o.
1055 2448 1124 2520 737,
1154 2456 1223 2506 aute
1250 2445 1320 2507 Chr.
1346 2448 1383 2505 17

57 2550 94 2610 C.
116 2551 232 2610 Furnio
254 2550 288 2611 O.
311 2553 342 2623 f.‚
369 2550 404 2612 C.
427 2552 514 2610 Iunio
537 2550 570 2611 G.
593 2553 614 2610 f.
639 2550 743 2612 Silano
765 2569 825 2610 coe.
850 2551 1062 2609 celebratorum
1084 2551 1220 2608 notitiam
1243 2549 1384 2609 submini-

57 2662 229 2713 straverunt
250 2655 346 2712 adbuo
367 2655 453 2713 nobis
476 2655 626 2713 oraculum
643 2651 784 2730 Sibyllae,
807 2652 844 2711 ad
859 2653 936 2729 quod
951 2653 1022 2710 iacti
1038 2661 1116 2726 suut,
1139 2661 1288 2711 servatum
1306 2651 1385 2729 apud
1469 2680 1473 2690 ·

30 2755 255 2845 ,Phlegontem
278 2757 422 2831 (macrob.
439 2757 472 2832 4)
495 2757 618 2833 eiusque
639 2755 862 2831 compilatorem
885 2755 1037 2814 Zosimum
1062 2754 1147 2830 (hist.
1164 2754 1192 2827 2,
1209 2755 1251 2831 6),
1278 2755 1385 2813 deinde

56 2877 179 2919 carmen
202 2866 262 2917 tum
285 2869 435 2919 cantatum
458 2860 569 2918 iactum
591 2860 628 2917 ab
649 2857 786 2932 Horatio,
813 2868 873 2917 tum
897 2868 1029 2917 actorum
1051 2858 1217 2936 fragmenta
1239 2859 1383 2935 quaedam

57 2959 109 3036 (O.
125 2961 149 3018 I.
164 2961 201 3020 L.
215 2960 268 3031 vl,
284 2961 389 3038 atta),
411 2963 481 3020 item
497 2961 610 3019 nummi
626 2960 746 3037 quidam
768 2962 798 3018 in
814 2978 917 3020 eoram
937 2960 1075 3019 ludorum
1090 2962 1263 3020 memoriam
1284 2961 1386 3037 proxi·

56 3064 117 3122 mis
140 3065 226 3123 annis
249 3062 368 3139 cusi²)‚
397 3064 523 3141 denique
545 3084 620 3141 quae
642 3065 679 3123 de
700 3062 738 3121 iia
764 3064 942 3122 rettulerunt
964 3066 1122 3141 Augustas
1144 3064 1208 3140 ipse
1230 3065 1260 3122 in
1283 3081 1387 3122 mouu-

57 3176 161 3225 mento
176 3169 338 3244 Ancyrano
362 3166 405 3242 (4,
421 3167 469 3225 36.
488 3166 541 3242 37)
564 3177 593 3224 et
614 3167 683 3225 lasti
700 3165 863 3242 Capitolini
884 3167 916 3224 in
938 3173 1023 3241 parte
1041 3173 1176 3224 extrema
1197 3167 1313 3225 adiecta
1333 3166 1387 3223 im·

56 3276 185 3345 perante
206 3269 349 3345 eudemi)
377 3278 406 3327 et
427 3269 588 3346 scriptores
611 3269 748 3328 Zosimus
769 3268 789 3326 l.
810 3288 835 3327 o.
857 3267 897 3328 iu·
910 3267 1055 3327 relatione
1082 3270 1173 3346 plena
1194 3277 1223 3326 et
1244 3269 1304 3327 fida
1325 3287 1386 3326 om·

56 3371 132 3429 nino
154 3371 247 3449 petita
269 3391 307 3430 ex
328 3382 446 3431 auotore
468 3373 589 3449 egregio
610 3380 640 3430 et
661 3373 795 3447 ipsorum
818 3379 949 3429 actorum
972 3372 1158 3449 inspectione
1172 3372 1287 3444 edocto,
1310 3368 1388 3429 Cen-

58 3474 181 3532 sorinus
208 3474 255 3545 17,
275 3475 309 3532 11
334 3475 404 3534 item
426 3474 559 3551 pendens
581 3494 619 3534 ex
642 3475 787 3551 scriptore
808 3475 934 3552 optimo,
963 3471 1122 3534 Suetonius
1144 3476 1222 3552 Aug.
1248 3473 1301 3546 31,
1326 3473 1387 3532 Dio
1466 3550 1470 3556 ²

140 3676 164 3739 ¹)
192 3678 410 3729 Commentarium
430 3684 487 3728 acta
500 3678 747 3749 saeculariaqquinta
765 3679 896 3728 illustrans
915 3678 1013 3743 prodiit
1031 3679 1142 3743 primum
1155 3679 1226 3729 iussu
1241 3678 1389 3729 academiae

55 3769 149 3835 regiae
165 3771 340 3834 Lynceorum,
364 3786 429 3836 quae
453 3778 492 3820 eat
508 3771 621 3832 Romae,
645 3772 674 3820 iu
693 3771 864 3821 monumentis
883 3771 995 3836 antiquis
1015 3785 1077 3822 eura
1101 3786 1190 3821 eorum
1210 3770 1286 3820 editis
1305 3770 1357 3820 vol.
1373 3774 1387 3818 1

54 3863 154 3913 fasess
175 3862 268 3925 (1891)
288 3880 313 3928 p.
328 3864 416 3914 617-
426 3863 477 3914 672
498 3864 582 3914 forma
600 3864 691 3914 eadem
710 3864 778 3925 fere,
804 3878 854 3928 qua
872 3863 914 3913 hic
933 3864 1065 3928 repetitur.
1107 3863 1149 3913 De
1175 3862 1390 3913 effossionibusa

57 3972 96 4006 m.
112 3954 183 4020 Sept.
203 3971 228 4005 a.
244 3957 313 4006 1890
332 3956 366 4005 ad
384 3956 506 4006 Martium
525 3956 653 4021 sequentis
672 3955 755 4018 iactis,
776 3971 842 4021 quae
862 3964 913 4005 tam
932 3955 997 4005 haec
1016 3963 1074 4006 acta
1092 3971 1169 4020 quam
1183 3955 1324 4006 Severiana
1343 3969 1389 4004 no-

56 4048 101 4098 bis
122 4050 293 4110 reetr'tuerunt,
313 4049 408 4100 ibidem
421 4057 596 4114 exposuerunt
608 4049 639 4099 F.
652 4048 782 4098 Barnabei
801 4056 827 4098 et
839 4048 874 4098 Ι).
888 4048 1033 4098 Marcbetti.
1061 4048 1145 4098 Iidem
1159 4048 1308 4098 adiecerunt
1326 4047 1389 4096 ima·

55 4141 148 4206 &uem
167 4148 282 4191 actorum
301 4144 367 4207 typis
386 4142 533 4192 maiusculis
552 4154 699 4206 expressam
719 4141 752 4190 ad
772 4141 938 4206 archetypum
958 4146 1083 4191 accurate.
1122 4140 1187 4190 Octo
1209 4140 1301 4191 horum
1321 4147 1390 4189 acto·

55 4249 120 4283 rum
139 4233 284 4298 fragmenta
302 4234 413 4301 itemque
432 4249 528 4285 nonum
548 4235 609 4285 olim
629 4234 791 4284 eruderatum
812 4241 992 4299 servatumque
1011 4233 1089 4283 hodie
1113 4233 1141 4282 in
1160 4247 1248 4283 museo
1261 4233 1389 4283 Vaticano

57 4327 104 4389 (0.
120 4326 142 4375 I.
158 4327 189 4376 L.
208 4327 258 4388 VI,
284 4325 367 4389 dl'lb)
387 4341 462 4393 quem
484 4328 570 4377 locum
594 4328 621 4376 iu
645 4328 720 4391 cippo
744 4327 842 4392 integro
866 4328 1006 4387 tenuerint,
1036 4325 1148 4377 ostendit
1176 4325 1264 4375 tabula
1292 4325 1389 4375 ibidem

55 4437 85 4485 p.
101 4419 156 4469 607
176 4425 202 4468 et
220 4420 375 4484 intellegitur
394 4420 454 4469 item
473 4435 507 4469 ex
526 4433 641 4484 eaquae
660 4420 774 4484 sequitur
791 4426 876 4469 textus
897 4419 1017 4469 editione.

140 4508 166 4573 ²)
195 4513 298 4562 Aureus
320 4513 350 4562 L.
370 4512 491 4563 Mesciuii
515 4511 573 4562 Ruti
598 4512 689 4562 IIIviri
714 4528 771 4562 cum
796 4513 934 4577 inscriptus
957 4512 991 4562 sit
1012 4512 1070 4579 imp.
1090 4509 1185 4562 Caesar
1205 4516 1236 4559 tr.
1256 4517 1312 4577 pot.
1333 4506 1392 4558 XII

26 4630 28 4673 ss
57 4601 199 4668 (Bebelon
221 4620 301 4654 mona.
325 4603 356 4653 de
380 4604 407 4653 lu
431 4601 484 4671 rep.
506 4603 576 4654 Rom.
602 4606 631 4666 2,
659 4606 724 4667 221;
755 4605 846 4656 Cohen
873 4621 953 4655 mona.
978 4602 1023 4654 dee
1047 4619 1109 4671 emp.
1132 4605 1145 4654 l
1171 4621 1196 4669 p.
1213 4603 1264 4653 130
1292 4619 1318 4652 n.
1337 4604 1390 4653 468

58 4698 106 4747 ed.
121 4696 157 4758 2),
178 4697 285 4746 emissus
303 4704 342 4747 eet
360 4698 496 4754 873819.
529 4698 651 4747 Eiusdem
671 4698 792 4748 denarius
810 4698 947 4762 inscriptus
966 4704 1003 4747 est
1025 4693 1120 4747 Caesar
1139 4696 1268 4762 Aequana
1286 4703 1317 4745 tr.
1337 4702 1390 4762 pot.

26 4772 28 4831 l
58 4788 193 4851 (Babelon
213 4790 230 4838 l.
244 4788 290 4851 a),
314 4803 380 4851 uon,
406 4797 434 4839 ut
453 4791 489 4839 ait
506 4789 605 4839 Eckbel
624 4790 648 4851 6,
670 4791 737 4852 202,
764 4789 893 4856 depastas
912 4796 942 4839 tr.
960 4795 1012 4856 pot.
1028 4785 1084 4840 1⁷11
1104 4787 1261 4851 (emendavit
1279 4802 1392 4837 errorem

26 4896 28 4937 t
58 4881 167 4933 Arneth
192 4883 220 4931 in
244 4883 306 4931 actis
329 4882 470 4932 minoribus
495 4865 568 4932 acad.
581 4883 729 4933 Vindobon.
750 4899 774 4934 a.
792 4883 861 4932 1853
881 4899 905 4947 p.
921 4882 994 4943 928).
1032 4881 1162 4932 Denariua
1186 4880 1252 4930 alter
1270 4881 1307 4931 Μ.
1327 4880 1392 4932 San-

26 4964 27 4981 ³
58 4975 148 5041 quiuii
169 4974 295 5035 (Babelon
314 4974 332 5023 l.
347 4991 369 5024 o.
390 4976 415 5037 2,
435 4973 499 5036 417)
519 4990 613 5024 annum
632 4991 684 5025 non
704 4976 786 5039 magis
806 4975 930 5025 enunbat.

141 5064 165 5129 ³)
196 5066 268 5127 Quae
289 5068 407 5117 deludis
425 5068 458 5116 iis
478 5068 505 5116 in
523 5067 597 5117 fastis
615 5068 742 5132 leguntur,
769 5069 863 5133 scripta
883 5075 941 5117 sunt
959 5083 1011 5117 uon
1031 5067 1087 5132 ipso
1108 5081 1139 5116 eo
1158 5081 1236 5127 anno,
1262 5080 1312 5130 quo
1331 5065 1392 5113 editi

58 5168 138 5222 suut,
164 5160 209 5209 sed
234 5166 293 5210 ante
318 5161 427 5224 Augusti
454 5159 552 5209 obitum
578 5158 616 5222 (v.
641 5175 707 5225 quac
731 5162 838 5226 exposui
865 5162 892 5210 in
916 5161 1028 5211 Hermae
1053 5161 1140 5210 vol.9
1165 5174 1191 5224 p.
1205 5158 1257 5208 268
1279 5176 1313 5200 --·
1331 5155 1393 5207 adm.

26 5274 27 5277 ¹
57 5249 175 5306 Forsolr.
197 5253 222 5314 2,
243 5251 296 5316 61).

103 5362 296 5424 Erusuaars
319 5378 422 5423 amon.
448 5377 521 5422 von.
535 5362 620 5421 Vlll.
1133 5363 1169 5420 lb
