3746 5912
474 528 548 600 488
865 548 1142 599 rasssvsrsnsvrs
1169 546 1391 598 soussrrcvss

1584 644 1787 653 ——-

473 731 570 799 2611
604 735 680 797 Ilici.
1120 755 1140 794 Α
1345 736 1446 793 lbarra
1467 733 1559 794 rnisit.
1598 735 1646 793 Cf.
1665 735 1753 793 6256
1768 747 1784 791 r.

1092 986 1169 1039 aa&

473 1034 491 1092 2
522 1032 598 1092 Ilici.
1105 1073 1142 1105 ο,

1092 1101 1165 1173 (291

474 1331 491 1387 3
523 1327 598 1387 Ilici.
1084 1346 1166 1389 caso

474 1542 491 1596 4
531 1538 712 1617 Vtilesraacc
733 1539 767 1596 de
789 1538 832 1597 loa
854 1540 974 1599 Barros.

1109 1679 1151 1721 ea

472 1836 540 1895 Fita
561 1837 614 1896 tol.
638 1837 671 1895 de
693 1837 723 1894 la
745 1834 836 1897 Acad.
860 1838 949 1896 XXV
974 1839 1055 1896 1894
1078 1856 1106 1912 p.
1127 1838 1175 1914 57,
1194 1837 1244 1895 23.

475 2014 492 2069 5
524 2010 599 2070 Ilici.

1061 2114 1080 2157 c
1096 2114 1127 2157 ιν
1142 2114 1208 2157 rasa

470 2256 573 2313 Ibarra
595 2253 685 2315 misit.
734 2254 765 2313 0.
790 2248 885 2335 Is(la's')
909 2249 1093 2333 Medeam?

474 2430 491 2487 6
524 2429 643 2489 Palmae
673 2429 707 2488 in
736 2429 838 2489 insula
868 2429 986 2489 Baleari
1017 2427 1143 2508 maiore,
1179 2429 1211 2488 in
1241 2449 1344 2489 museo
1370 2428 1523 2489 societatis
1545 2427 1785 2505 archaaologicae

514 2533 679 2594 Lullianse.

1020 2655 1234 2701 nuans...c

472 2829 538 2887 Bal.
563 2829 596 2887 de
617 2829 647 2889 le
668 2830 807 2891 Socisdad
827 2829 1022 2909 arqseolops‘ca
1043 2829 1168 2891 Ιιιιὶίαηα
1188 2832 1232 2891 VI
1257 2832 1338 2891 1896
1360 2852 1390 2909 p.
1407 2831 1479 2890 228.

474 3009 489 3063 7
521 3005 588 3065 Ilici

1110 3108 1166 3150 ivr

469 3268 572 3326 lbarra
593 3265 683 3326 misit.
730 3267 776 3326 01.
802 3268 884 3326 4989
900 3277 927 3321 ³2
948 3265 1065 3344 Lapati.

840 3566 874 3624 c.
909 3565 1099 3625 vascvns
1120 3565 1251 3625 varus
1273 3584 1302 3642 p.
1323 3565 1413 3624 1014.

555 3720 692 3781 Ilicitana
713 3724 788 3781 haec
810 3728 842 3781 et
863 3719 1031 3797 Saguntina
1057 3720 1219 3781 maximam
1245 3727 1359 3799 partem
1381 3740 1448 3779 earn
1473 3720 1587 3779 habant
1613 3717 1777 3796 utilitatem,

469 3832 505 3885 ut
526 3833 655 3902 augeant
676 3845 834 3886 numerum
848 3826 1038 3886 vasculorum
1053 3845 1164 3905 comm,
1188 3846 1265 3902 qnae
1286 3845 1339 3903 per
1359 3823 1469 3902 oppida
1483 3822 1652 3901 Hispaniae
1672 3822 1780 3882 maiora

470 3932 533 3989 fere
556 3930 658 3991 omnia
679 3929 873 4006 aequabiliter
894 3930 927 3990 in
948 3950 1007 3989 usn
1028 3929 1123 3991 fuisse
1145 3939 1276 4008 apparet.
1322 3928 1420 3990 Omisi
1446 3928 1573 4007 incerte,
1604 3946 1779 4004 quamquam

469 4034 524 4093 illa
551 4053 669 4109 quoque
699 4032 918 4093 accuratissime
945 4035 1047 4093 Ibarra
1079 4033 1247 4094 delineavit
1304 4035 1460 4098 Quaedam
1492 4032 1609 4110 putavit
1641 4031 1779 4107 inscripta

470 4158 535 4198 esse
560 4138 669 4198 litteris
695 4138 834 4214 Ibericis3
869 4157 932 4197 non
958 4145 1038 4197 reate
1066 4144 1150 4216 puto.
1203 4138 1262 4197 Sed
1288 4138 1432 4197 obscurae
1458 4144 1530 4196 sunt
1556 4134 1778 4211 significationis

469 4261 525 4301 nec
553 4242 633 4320 typis
663 4251 731 4320 apte
755 4249 884 4320 possunt
909 4241 1133 4319 repraesentari
1179 4241 1344 4318 Saguntina
1371 4241 1513 4319 pleraque
1535 4237 1695 4299 convenire
1716 4258 1778 4297 carn

468 4345 742 4407 Tarraconensibus
764 4352 1000 4405 consentaneum
1022 4354 1077 4406 est.
1122 4344 1242 4424 Hispali
1268 4365 1363 4424 pauca
1391 4345 1536 4421 quaedam
1563 4345 1643 4422 apud
1664 4342 1777 4403 Asinam

470 4450 630 4530 descripsit
651 4453 804 4511 Arthurus
826 4451 930 4527 Engel.

471 4628 553 4687 4970
569 4640 606 4687 aa
628 4625 763 4702 Sagunti
807 4625 937 4685 Chabret
957 4623 1048 4685 misit.

555 4750 583 4793 aa
606 4730 681 4790 lliai.
726 4731 828 4790 Ibarra
850 4728 941 4789 misit.

556 4854 582 4896 ss
607 4833 714 4894 Cadata
736 4833 783 4893 del
804 4833 914 4912 Grieqo.
954 4835 1020 4893 Fita
1041 4831 1094 4893 bol.
1118 4833 1152 4892 de
1174 4833 1203 4891 la
1224 4831 1315 4891 Acad.
1340 4833 1415 4891 XXI
1441 4832 1523 4891 1892
1546 4849 1575 4908 p.
1597 4832 1665 4889 142.

554 4959 582 5000 ss
604 4938 678 4998 Ilici.
717 4939 818 4998 iberra
839 4938 931 4998 misit.

555 5062 581 5103 ar
605 5042 754 5123 (exempla
776 5038 845 5124 dno)
868 5040 944 5102 ilici.
982 5043 1082 5101 Ibarra
1103 5040 1194 5101 misit.
1235 5042 1302 5100 510
1323 5038 1459 5116 Sagunti.
1498 5039 1628 5099 Chabret
1647 5038 1737 5099 misit.

555 5168 582 5208 co
604 5146 681 5206 Ilici.
720 5147 820 5205 Ibarra
842 5145 934 5205 misit.

555 5269 582 5312 cs
607 5248 712 5310 cabaza
733 5251 779 5309 del
801 5249 911 5328 Grieqo.
950 5250 1018 5311 Fita
1040 5250 1092 5310 bol.
1117 5251 1150 5310 de
1171 5252 1201 5309 lc
1223 5248 1313 5309 Accd.
1340 5249 1415 5307 XXI
1441 5249 1521 5309 1892
1544 5268 1574 5325 p.
1596 5249 1665 5307 142.
