3816 5912
414 527 486 599 236
1029 542 1124 594 acue

411 728 480 782 ante
505 720 614 780 bellum
636 720 862 797 Fregellanum,
889 728 921 777 nt
943 718 1071 778 credulis
1096 720 1289 796 persuaderet
1310 719 1390 779 mala
1416 717 1489 778 belli
1510 715 1608 775 Italici
1633 718 1739 777 evitari

412 825 545 902 potuisse
566 824 646 884 ludis
667 832 748 884 recte
769 822 937 893 celebratis,
960 839 1141 898 quamquam
1163 824 1237 883 haec
1258 822 1359 901 opinio
1380 819 1476 898 magis
1497 819 1661 895 probabilis
1683 828 1740 879 est.

412 925 501 987 certe
522 927 705 1003 aliquantum
729 934 797 984 ante
816 925 986 1001 Augustum
1008 942 1128 983 carmen
1150 925 1297 1002 prolatum
1320 935 1375 984 est
1412 921 1491 982 Nam
1514 921 1663 981 saeculnm
1684 920 1741 981 CX

411 1050 568 1103 annorum,
590 1030 620 1088 in
642 1048 700 1106 quo
722 1036 868 1098 versatur,
888 1025 1018 1086 Varroni
1041 1035 1143 1086 notum
1165 1028 1222 1087 suit
1242 1047 1339 1106 neque
1360 1028 1514 1103 Augustus
1534 1023 1565 1083 id
1586 1024 1740 1103 excogita·

412 1135 468 1205 vit,
495 1132 548 1191 sed
570 1132 709 1209 opinione
730 1139 792 1189 tum
814 1131 905 1206 vulgo
927 1146 1036 1206 sparsa
1058 1146 1131 1188 nens
1158 1132 1196 1190 ad
1222 1148 1274 1189 eos
1296 1139 1452 1207 computos
1478 1125 1564 1185 ludos
1586 1143 1657 1185 suos
1677 1127 1741 1186 for·

411 1237 512 1294 mavit.
547 1234 669 1296 Scilicet
689 1233 843 1292 celebrans
865 1250 918 1291 eos
939 1248 999 1290 non
1020 1231 1162 1309 inspectis
1179 1234 1276 1292 denno
1298 1233 1384 1291 libris
1400 1228 1567 1307 Sibyllinis,
1589 1229 1672 1288 cuius
1694 1230 1741 1289 in-

412 1338 572 1416 spectionis
599 1336 712 1395 nullum
739 1334 879 1393 indicium
907 1342 1004 1405 extat,
1032 1353 1196 1412 provocare
1218 1335 1319 1395 debuit
1343 1333 1382 1393 ad
1403 1350 1522 1393 carmen
1545 1329 1680 1408 Sibyllae
1700 1332 1739 1390 de

411 1440 489 1499 ludis
511 1439 656 1499 eiusmodi
681 1448 749 1496 ante
771 1454 867 1496 annos
890 1434 946 1495 CX
967 1446 1019 1495 aut
1039 1438 1196 1498 celebratis
1221 1448 1274 1497 aut
1299 1447 1378 1497 certe
1399 1435 1584 1496 celebrandis
1595 1433 1634 1510 1).
1677 1434 1738 1493 Ita-

411 1563 468 1618 que
490 1542 577 1600 ludos
600 1541 770 1599 saeculares
792 1557 820 1598 a.
837 1538 907 1612 688,
930 1557 1004 1615 quos
1027 1547 1103 1599 teste
1118 1539 1286 1600 Censorino
1302 1545 1420 1599 constat
1439 1536 1622 1616 perscriptos
1644 1537 1739 1596 tuisse

411 1647 442 1703 in
456 1644 676 1703 commentariis
691 1642 861 1713 XVvirum,
884 1650 917 1700 nt
929 1642 1059 1701 dubitari
1079 1661 1138 1701 non
1159 1650 1258 1721 potest
1279 1650 1309 1701 et
1323 1643 1403 1702 inira
1416 1641 1642 1701 confirmabitur
1654 1659 1738 1700 nnm-

410 1765 498 1824 quam
522 1764 588 1806 esee
611 1746 786 1817 celebratos,
809 1746 851 1803 ita
868 1744 1064 1803 certissimum
1085 1756 1131 1805 est
1152 1755 1203 1805 ant
1224 1754 1292 1804 ante
1307 1748 1475 1823 Angustum
1496 1744 1582 1803 fictos
1598 1760 1666 1803 esse
1687 1753 1739 1802 aut

410 1851 448 1908 ab
470 1849 564 1925 ipsius
591 1850 622 1907 in
648 1867 680 1907 re
703 1867 790 1908 sacra
811 1846 996 1905 adiutoribus
1022 1847 1100 1907 lelici
1122 1866 1194 1908 casn
1217 1849 1368 1919 inventos,
1394 1865 1450 1907 nec
1474 1845 1637 1924 perspicio,
1663 1863 1738 1922 qno·

412 1951 500 2010 modo
522 1951 703 2010 recentiores
724 1950 844 2026 quidam
866 1949 1042 2008 contendere
1070 1952 1220 2026 potuerint
1240 1971 1304 2010 eam
1331 1950 1478 2009 fictionem
1505 1948 1536 2006 in
1557 1958 1738 2007 commenta·

411 2055 472 2113 rios
498 2054 568 2112 illos
593 2053 717 2110 relatam
744 2068 810 2110 esse
836 2060 932 2110 aetate
958 2052 1074 2111 demum
1098 2050 1210 2113 Seueri.
1255 2051 1383 2112 Carmen
1409 2060 1507 2110 autem
1529 2069 1548 2109 a
1568 2050 1738 2127 Phlegonte

411 2166 562 2216 servatum
583 2165 616 2213 ut
636 2155 789 2231 aliquanto
811 2163 880 2212 ante
895 2155 1063 2231 Angustum
1085 2157 1294 2234 conscriptum,
1316 2157 1359 2214 ita
1379 2156 1416 2214 ab
1433 2157 1571 2232 Angusto
1592 2172 1647 2230 pro
1669 2152 1738 2230 lege

410 2267 440 2317 et
465 2278 570 2316 norma
595 2256 730 2315 ludorum
756 2256 953 2316 saecularium
980 2256 1144 2317 admissum
1171 2267 1229 2330 est,
1254 2259 1345 2334 idque
1366 2259 1420 2334 qni
1443 2275 1509 2315 cum
1529 2255 1604 2315 actis
1625 2254 1736 2313 nostris

410 2360 637 2436 comparaverit,
660 2366 784 2436 utraque
806 2359 925 2435 egregie
939 2359 1069 2418 inveniet
1083 2362 1263 2438 conspirare.
1292 2360 1429 2419 Redeunt
1449 2360 1568 2436 potiora
1581 2358 1683 2416 omnia
1704 2357 1734 2415 in

410 2464 485 2522 actis
508 2470 672 2520 memorata
693 2463 724 2518 in
746 2462 813 2539 ipso
828 2463 958 2521 carmine
980 2472 1010 2519 et
1022 2481 1100 2539 quae
1115 2462 1262 2535 differunt,
1285 2463 1472 2521 continentur
1492 2462 1570 2522 intra
1591 2460 1734 2519 terminos

409 2565 595 2625 executionis
617 2565 787 2624 necessario
808 2564 846 2623 iis
867 2563 1042 2641 permissae,
1063 2583 1137 2642 quos
1153 2568 1308 2643 Augustus
1330 2564 1368 2624 ad
1389 2583 1510 2624 carmen
1530 2563 1605 2623 illud
1626 2563 1733 2622 festum

410 2667 548 2726 ordinare
569 2665 667 2726 iussit.

410 2895 613 2909 q—n—

487 3098 510 3162 ¹)
540 3099 700 3150 Coniecturis
719 3101 808 3163 acutis,
834 3101 956 3152 sedeam
975 3100 1185 3165 traditisparum
1204 3101 1381 3164 conciliandis,
1405 3116 1468 3166 quas
1487 3101 1520 3149 de
1538 3100 1734 3164 computationi-

409 3194 456 3243 bus
475 3192 646 3243 saecularibus
665 3192 727 3243 Otto
746 3193 894 3244 Hirschfeld
919 3191 1033 3256 (Wiener
1052 3190 1159 3244 Studien
1180 3195 1249 3244 1881
1271 3211 1296 3260 p.
1310 3196 1344 3246 97
1359 3193 1421 3259 aeq.)
1446 3193 1553 3258 protulit
1571 3199 1597 3242 et
1618 3191 1734 3258 pluribus

409 3286 471 3335 viris
490 3285 577 3350 eisque
597 3286 701 3348 optimis
720 3286 839 3350 probavit
858 3286 943 3347 (Diels
961 3286 978 3336 l.
991 3302 1013 3336 o.
1033 3302 1058 3351 p.
1073 3286 1127 3349 14),
1150 3287 1269 3352 equidem
1289 3303 1342 3337 non
1361 3286 1500 3337 adsentior.
1532 3285 1645 3350 Augusti
1663 3286 1733 3336 ordi·

409 3379 479 3428 natio
499 3385 525 3426 et
544 3378 572 3426 iu
591 3378 660 3428 clara
678 3378 735 3427 lnce
754 3379 838 3442 posita
856 3387 894 3430 est
912 3387 939 3428 et
957 3395 973 3430 a
990 3379 1174 3444 posterioribus
1192 3382 1228 3430 ita
1248 3387 1348 3431 retenta
1365 3388 1391 3429 et
1410 3378 1568 3441 confirmata,
1587 3386 1616 3428 nt
1634 3379 1731 3444 perspi·

409 3485 484 3520 enum
503 3470 536 3519 sit
554 3484 598 3520 eoa
617 3470 728 3535 pendere
747 3471 880 3521 acardine
899 3473 959 3521 anui
974 3471 1024 3522 138
1045 3479 1071 3521 et
1089 3486 1122 3522 ne
1140 3472 1242 3523 novisse
1260 3473 1364 3538 quidem
1384 3471 1492 3523 alteram
1510 3472 1543 3522 ab
1557 3471 1732 3522 Hirschfeldio

409 3562 571 3613 substitutum
589 3577 614 3613 a.
630 3564 691 3614 181.
729 3562 798 3615 Sane
817 3563 981 3614 Domitianus
1004 3565 1080 3615 ludos
1099 3565 1235 3616 celebrarit
1253 3567 1376 3616 sexennio
1395 3572 1454 3615 ante
1473 3570 1586 3628 tempus,
1610 3564 1655 3614 sed
1677 3566 1731 3628 ipse

409 3655 541 3719 Augustus
561 3669 624 3720 quos
643 3670 666 3704 a.
682 3656 733 3706 788
754 3656 830 3706 edere
845 3656 962 3718 debebat,
982 3657 1064 3707 edidit
1082 3671 1150 3708 anno
1169 3658 1346 3722 praecedente,
1365 3667 1391 3707 et
1410 3672 1467 3708 cum
1481 3657 1618 3710 Suetonius
1637 3657 1734 3707 diserte

408 3748 503 3799 scribet
514 3748 691 3798 Domitianum
705 3749 815 3813 Augusti
834 3750 1022 3799 ordinationem
1040 3757 1153 3800 secutam
1173 3765 1237 3813 esse,
1257 3753 1295 3802 ita
1312 3766 1369 3801 eam
1389 3757 1488 3800 secutus
1506 3758 1554 3811 est,
1574 3756 1603 3798 ut
1622 3749 1732 3799 similem

408 3841 619 3905 antioipationem
631 3841 785 3903 admitteret,
806 3857 862 3892 cnm
882 3843 1031 3906 praesertim
1051 3857 1081 3893 ea
1094 3859 1195 3909 quoqne
1214 3858 1279 3909 qnae
1298 3841 1525 3893 deiudicatus
1545 3848 1661 3893 auctores
1681 3850 1731 3893 tra·

408 3934 473 3984 dunt
491 3933 628 3983 ostendant
647 3948 691 3984 eos
711 3942 769 3998 post
788 3942 886 3998 tempas
906 3935 947 3984 edi
968 3936 1081 4000 potuisse
1100 3944 1125 3986 et
1146 3943 1206 4001 post
1225 3936 1402 3986 Domitianum
1421 3936 1544 3986 sexennio
1563 3935 1608 3985 illo
1626 3937 1731 4000 insuper

408 4026 497 4076 habito
516 4025 612 4076 reditus
630 4026 712 4077 lactus
732 4028 766 4077 sit
783 4027 817 4077 ad
836 4028 1054 4092 computationem
1073 4027 1105 4077 ab
1123 4030 1240 4093 Aegeate
1259 4030 1409 4079 institutam.
1442 4028 1581 4079 Praeterea
1599 4028 1732 4093 Augustus

408 4119 430 4168 sl
453 4117 581 4168 saeculnm
604 4119 679 4169 finire
702 4119 823 4170 voluisset
845 4134 870 4170 a.
885 4121 935 4170 731
961 4128 987 4170 et
1009 4127 1113 4185 propter
1131 4120 1249 4172 Marcelli
1272 4128 1379 4171 mortem
1403 4120 1539 4171 consilinm
1562 4120 1730 4185 deposuisset,

408 4211 470 4276 quid
489 4211 592 4262 vetabat
610 4212 685 4262 ludos
704 4220 762 4277 post
780 4227 875 4262 annum
895 4213 932 4262 ita
951 4213 1035 4275 edere,
1056 4219 1084 4262 ut
1102 4215 1258 4278 computatio
1277 4214 1409 4264 maneret?
1446 4213 1566 4278 Denique
1584 4229 1642 4264 enm
1660 4213 1731 4263 llar-

407 4303 486 4353 oellus
505 4303 574 4354 diem
594 4304 686 4354 obierit
704 4312 763 4369 post
783 4305 883 4355 brevem
904 4305 1090 4370 aegritudinem
1108 4321 1161 4356 non
1180 4315 1239 4357 ante
1258 4320 1371 4356 mensem
1391 4306 1535 4369 Augustum
1559 4304 1637 4365 (Plin.
1658 4304 1683 4353 b.
1704 4321 1731 4356 n.

410 4397 452 4456 19,
474 4397 499 4456 1,
520 4396 566 4457 89,
590 4394 644 4445 Dio
664 4394 708 4457 58,
730 4395 790 4458 81),
815 4397 869 4446 ludi
889 4397 915 4447 hi
940 4400 1029 4462 primis
1048 4398 1137 4449 diebus
1156 4400 1249 4449 mensis
1267 4399 1336 4449 Iunii
1359 4398 1452 4449 edendi
1472 4412 1502 4448 eo
1521 4397 1592 4447 luctu
1609 4397 1731 4461 impediri

407 4501 460 4539 non
483 4494 628 4551 potuerunt.
667 4487 719 4540 Sed
738 4503 791 4539 non
810 4505 875 4552 opus
893 4498 931 4540 est
950 4490 990 4540 his
1009 4491 1249 4541 ratiocinationibus
1268 4492 1412 4553 immorari3
1439 4490 1614 4555 quaestionem
1635 4490 1730 4540 disemo

407 4580 554 4630 testimonio
573 4580 694 4631 decidunt
713 4581 772 4631 isati
792 4581 931 4646 Capitolini
951 4583 1132 4633 additamentis
1152 4599 1216 4648 qnae
1241 4583 1335 4635 habent
1353 4584 1385 4634 de
1407 4583 1475 4634 lndis
1494 4583 1665 4633 saecularibus
1684 4583 1730 4632 ad·

407 4672 508 4737 scriptis
525 4673 668 4737 imperante
687 4674 818 4724 etiamtum
839 4677 955 4739 Augusto
981 4675 1067 4740 (snpra
1085 4691 1109 4739 p.
1125 4676 1177 4726 225
1197 4685 1250 4726 not.
1266 4676 1293 4738 2)
1317 4693 1369 4727 non
1393 4677 1426 4727 ad
1446 4691 1528 4727 annos
1546 4675 1730 4726 Hirschtetdia-

407 4778 463 4827 nos,
482 4765 527 4815 ned
546 4766 579 4816 ad
598 4779 642 4816 eos
661 4781 724 4830 qnos
743 4766 850 4832 requirit
869 4767 998 4817 saeculnm
1019 4767 1068 4818 CX
1086 4784 1221 4819 annorum.
1259 4770 1327 4819 Nam
1346 4769 1472 4834 deperditi
1492 4768 1596 4834 quidem
1614 4776 1674 4818 sunt
1693 4769 1730 4830 (ut

407 4856 496 4907 docuit
513 4872 554 4907 me
573 4857 605 4906 de
623 4872 655 4908 ea
673 4873 701 4908 re
719 4859 888 4923 iuterrogatus
908 4859 1060 4922 Huelsenns)
1084 4861 1148 4923 loci,
1173 4861 1201 4912 in
1221 4862 1313 4926 quibus
1336 4862 1391 4912 ludi
1411 4878 1434 4912 a.
1449 4863 1510 4912 888.
1532 4861 1593 4912 408.
1614 4861 1665 4911 cte
1690 4861 1730 4911 in·

407 4949 534 4999 scribendi
553 4948 668 5014 fuerunt,
694 4958 720 5002 at
738 4964 803 5016 qnae
823 4960 939 5016 superest
956 4953 1089 5004 adnotatio
1113 4955 1243 5019 pertinens
1260 4955 1294 5004 ad
1313 4970 1337 5005 a
1351 4954 1404 5005 518
1424 4955 1461 5004 ita
1479 4953 1607 5006 collocata
1624 4960 1675 5015 eat,
1701 4962 1730 5004 nt

404 5042 477 5091 nullo
500 5042 578 5092 modo
601 5059 658 5092 cum
677 5043 851 5094 Hirschfeldio
875 5045 908 5096 ad
932 5060 955 5095 a
974 5046 1027 5096 505
1052 5046 1147 5098 retrahi
1173 5048 1262 5112 possit.
1299 5047 1430 5098 Habemus
1452 5046 1531 5112 igitur
1554 5048 1728 5097 testimonium

405 5133 513 5198 aequale
531 5135 563 5185 de
582 5135 749 5188 saeculariam
768 5138 928 5202 superiorum
946 5138 1038 5189 ordine
1054 5153 1107 5190 non
1127 5153 1201 5203 vero,
1226 5140 1272 5191 sed
1291 5154 1366 5206 quem
1386 5140 1518 5206 Augustus
1536 5155 1584 5209 pro
1602 5154 1662 5191 vero
1681 5139 1729 5193 ιᾱ·

405 5226 483 5277 misit.
