3798 5910
223 1808 682 1921 ADDITAMENTA
718 1809 878 1926 NOVA
913 1810 997 1922 AD
1034 1809 1330 1924 CORPORIS

577 1999 878 2114 VOLVMEN
913 2001 979 2113 II.

121 2441 210 2572 Rea
235 2512 353 2572 editum
379 2514 621 2590 supplementum
642 2514 806 2574 voluminis
828 2514 952 2573 secundi
973 2514 1139 2574 triennium
1161 2514 1211 2574 vix
1234 2515 1369 2591 clapsum
1391 2525 1437 2573 est

120 2624 208 2692 atque
229 2617 293 2677 iam
314 2618 462 2677 succrevit
483 2620 590 2679 messis
611 2618 843 2693 inscriptionum
863 2639 1009 2678 novarum
1031 2620 1139 2698 ampla,
1163 2640 1252 2695 quam
1267 2639 1305 2678 ne
1321 2619 1436 2678 diutius

120 2723 166 2779 vel
187 2722 219 2779 in
242 2722 363 2782 schedis
385 2724 433 2781 vel
454 2723 487 2782 in
509 2723 593 2783 libris
614 2745 720 2802 parum
742 2723 823 2783 notis
844 2725 950 2783 lateret
971 2724 1032 2782 iam
1053 2723 1152 2782 visum
1173 2731 1219 2783 est
1233 2723 1347 2801 publici
1361 2723 1437 2783 iuris

120 2828 223 2886 lacere.
277 2829 355 2888 Sane
382 2847 480 2904 neque
509 2828 721 2888 effossionibus
747 2829 884 2887 consulto
912 2827 1060 2887 institutis
1086 2827 1171 2888 tituli
1198 2825 1330 2905 Hispani
1357 2828 1436 2885 aucti
1462 2806 1466 2812 ¹

121 2936 199 3010 sunt,
222 2932 329 3007 quales
350 2931 384 2990 in
406 2932 531 3009 reliquis
545 2930 664 3010 imperii
677 2933 809 2992 Romani
822 2931 996 3011 regionibus
1010 2934 1073 2991 fere
1091 2932 1232 2991 omnibus
1254 2939 1437 2990 crescentem

120 3035 283 3109 quotannis
308 3035 539 3114 inscriptionum
565 3044 596 3096 et
622 3045 885 3096 monumentorum
911 3056 1070 3097 numerum
1090 3038 1248 3113 proferunt
1268 3067 1312 3079 —
1334 3035 1361 3094 si
1384 3055 1436 3093 ex-

120 3137 233 3215 ceperis
257 3140 468 3218 Nertobrigam
490 3148 521 3200 ct
544 3141 650 3200 cabaza
671 3142 717 3200 dcl
740 3140 845 3219 Graeco
868 3141 977 3219 oppida
1002 3174 1055 3220 —‚
1084 3161 1139 3200 nec
1167 3141 1252 3199 noris
1279 3139 1436 3198 itineribus

118 3262 135 3300 a
155 3263 204 3302 me
228 3244 387 3322 susceptis.
432 3247 491 3304 Sed
512 3245 642 3323 primum
656 3254 790 3306 veterum
804 3246 968 3305 amicorum
983 3265 1118 3305 meorum
1132 3244 1283 3304 industria
1297 3244 1435 3302 effectum

118 3354 175 3426 est,
206 3356 243 3407 ut
271 3349 332 3408 loci
359 3347 475 3425 aliquot
501 3351 600 3409 denuo
626 3350 827 3410 inviserentur
855 3359 884 3410 et
910 3350 1123 3426 antiquitatum
1152 3369 1241 3408 causa
1269 3348 1436 3411 accuratius

117 3453 354 3532 explorarentur,
377 3453 409 3512 in
432 3453 543 3529 quibus
564 3453 775 3532 inscriptiones
789 3457 944 3514 Romanae
966 3461 1019 3514 aut
1040 3454 1093 3513 diu
1115 3456 1266 3529 neglectae
1289 3458 1342 3511 aut
1357 3471 1436 3509 nun-

117 3575 208 3631 quam
231 3557 362 3617 sollicite
383 3557 583 3633 investigatae
605 3568 684 3618 sunt.
722 3559 841 3618 Deinde
863 3580 933 3618 vero
957 3561 1077 3618 tandem
1099 3559 1260 3633 aliquando
1284 3556 1389 3615 crescit
1403 3555 1435 3613 in

117 3660 181 3720 dics
203 3681 349 3721 numerus
370 3661 502 3721 virorum
524 3664 557 3721 in
579 3663 758 3741 paeninsula
778 3663 892 3722 Iberica
913 3664 961 3721 vel
983 3665 1140 3721 doctorum
1161 3662 1209 3720 vel
1235 3663 1434 3737 indoctorum,

116 3764 169 3839 qui
192 3765 296 3825 studio
318 3766 463 3825 laudabili
484 3767 596 3844 patrias
618 3767 811 3844 antiquitates
834 3769 1062 3844 amplectuntur.
1095 3769 1175 3824 Aera
1190 3764 1334 3842 inscripta
1347 3784 1435 3842 nova,

115 3868 200 3928 velut
222 3869 407 3946 Vipascense
429 3871 588 3931 Italicense
609 3872 809 3951 Ursonensia‚
837 3891 907 3930 sane
929 3891 992 3930 non
1018 3870 1210 3948 prodierunt;
1238 3870 1292 3927 sed
1320 3874 1436 3944 praeter

115 3971 224 4033 titulos
263 3975 444 4051 sepulcrales
477 3976 628 4054 simplices
663 3977 735 4035 satis
766 3977 878 4035 multos
913 3974 1027 4050 singuli
1057 3974 1164 4032 saltem
1193 3973 1282 4031 etiam
1314 3970 1436 4030 maioris

115 4077 207 4154 pretii
239 4079 351 4156 reperti
381 4088 468 4160 sunt,
501 4058 612 4156 quibus
643 4080 751 4139 notitia
780 4079 946 4159 Hispanias
978 4079 1116 4154 antiquae
1149 4076 1231 4135 vario
1262 4077 1351 4134 modo
1384 4084 1437 4135 aut

115 4188 247 4260 augetur
280 4193 331 4243 aut
365 4186 548 4245 emendatur.
606 4186 632 4243 Ε
665 4184 937 4262 peregrinatoribus
973 4183 1098 4261 saterm,
1140 4180 1194 4259 qui
1227 4180 1437 4258 paeninsulam

115 4286 273 4367 adierunt,
303 4289 407 4366 paucis
437 4288 613 4376 nominandi
642 4295 715 4347 sunt
741 4290 899 4348 Eduardus
930 4290 1060 4366 Spencer
1090 4287 1234 4361 Dodgson
1264 4283 1435 4363 Britannus,

113 4390 242 4470 linguae
271 4394 454 4453 Vasconicae
482 4393 638 4470 indagator
665 4399 820 4471 strenuus,
851 4400 881 4451 et
906 4394 1057 4451 Arthurus
1083 4390 1179 4466 Engel
1207 4388 1436 4449 numismaticus

114 4495 289 4575 Parisinus,
313 4498 367 4573 qui
387 4499 454 4556 loca
476 4519 494 4556 a
513 4497 618 4575 paucis
640 4498 737 4557 adhuc
759 4496 878 4556 visitata
899 4516 966 4555 mea
987 4515 1076 4567 causa
1098 4492 1238 4554 adierunt
1260 4500 1291 4553 et
1312 4495 1348 4552 ds
1371 4513 1436 4552 mo-

114 4601 275 4661 numentis
296 4601 411 4677 aliquot
432 4602 628 4681 rettulerunt,
659 4621 734 4678 quae
756 4601 822 4678 ipse
844 4600 973 4659 inrisere
995 4620 1057 4658 non
1078 4607 1244 4676 potueram.
1288 4597 1436 4674 Engelius

115 4724 151 4765 co
187 4726 310 4783 quoque
342 4705 465 4765 nomine
483 4707 611 4787 ¹optime
644 4705 767 4766 meritus
801 4714 861 4785 est,
898 4705 979 4781 quod
1012 4702 1158 4781 pertinaci
1187 4701 1436 4780 pervestigatione

114 4817 273 4870 auctorem
294 4810 447 4870 fraudium
468 4796 637 4888 ineptarum
659 4810 790 4889 detexit,
818 4830 895 4886 quae
917 4818 986 4869 ants
1008 4811 1065 4868 hos
1086 4806 1195 4885 viginti
1217 4808 1279 4865 fere
1301 4824 1396 4864 annos
1420 4825 1436 4862 e

115 4914 201 4974 Colli
224 4917 401 4975 Sanctorum
429 4935 522 4992 prope
545 4914 740 4993 Moatculeprc
767 4915 900 4992 prolatae
930 4920 1016 4990 sunt;
1046 4920 1081 4971 ut
1109 4910 1250 4971 adnotavi
1271 4910 1304 4969 in
1325 4910 1436 4968 Monu-

114 5018 232 5078 mentis
253 5019 327 5096 ling.
351 5020 427 5079 Iber.
450 5040 479 5097 p.
504 5021 623 5079 CXLII.

207 5125 301 5187 Quod
321 5123 394 5184 olim
416 5123 534 5202 speravi
554 5126 691 5183 futurum
713 5142 787 5202 esse,
810 5129 846 5182 ut
867 5123 904 5181 ab
927 5121 1080 5181 academia
1101 5119 1185 5196 regia
1206 5117 1349 5179 historica
1370 5118 1437 5176 Ma-

113 5227 240 5288 tritensi
254 5231 390 5290 ederetur
409 5229 575 5307 ephemeris
598 5227 787 5306 epigraphica
805 5227 944 5304 Hispana
964 5223 1077 5305 (Suppl.
1093 5245 1121 5302 p.
1138 5220 1247 5303 an),
1263 5221 1296 5282 id
1317 5229 1437 5301 propter

158 5352 353 5410 Emmsars
375 5369 477 5409 arrum
501 5370 568 5408 von.
587 5351 668 5409 VllI.
1188 5348 1227 5404 23
