3798 5910
581 486 630 536 ιιι
658 486 756 538 scau
785 487 990 539 savanrvra.
1375 471 1446 543 345

95 635 101 645 ’
125 657 340 716 architecturae
361 657 442 715 reive
460 659 654 735 antiquariae,
676 671 727 717 aut
742 660 939 718 narrationem
956 679 1009 735 per
1031 678 1064 719 se
1080 679 1263 737 nequaquam
1280 675 1448 741 suspectam

124 759 255 833 pendere
276 761 314 818 ab
336 769 457 817 auctore
478 760 587 819 dubiae
609 761 687 820 fidei.
724 763 826 836 Atque
846 761 919 820 illud
939 781 975 820 ne
991 765 1146 839 probatum
1162 765 1280 839 quidem
1302 766 1356 823 ivit
1370 765 1449 823 Hen-

124 878 232 934 555555,
261 880 356 938 55955
383 863 490 937 opinor
515 863 565 938 qui
592 864 709 939 cognita
733 863 868 921 babuerit
894 876 1025 923 monstra
1055 865 1256 925 aedificiorum
1282 887 1301 924 a
1326 866 1449 945 Ligorio

124 965 296 1039 excogitata
325 982 419 1040 eaque
449 967 666 1039 comparaverit
695 984 760 1023 cum
792 966 970 1024 documento
997 966 1174 1040 Perutiano,
1205 969 1231 1026 ei
1259 969 1368 1027 iudicio
1398 971 1449 1028 ad·

125 1066 323 1142 stipulabitur.
373 1065 506 1126 Gravius
535 1067 650 1125 ridetur
677 1068 803 1125 alterum
833 1078 1038 1143 argumentum
1066 1070 1103 1126 ab
1130 1068 1274 1128 Henaeno
1304 1070 1447 1128 adlatum:

124 1178 239 1226 statuas
271 1168 338 1225 illas
367 1179 499 1243 repertas
529 1186 597 1227 esse
626 1190 651 1227 a.
677 1170 754 1228 1570
785 1188 852 1227 cum
882 1179 999 1229 constet
1025 1171 1196 1229 testimonio
1223 1173 1362 1237 Manutii,
1392 1173 1449 1232 Sil-

126 1280 254 1328 restrem
277 1269 429 1327 Perutium
457 1288 493 1325 eo
516 1281 647 1346 ternpore
668 1270 726 1328 iarn
750 1270 945 1330 Vindobonae
969 1286 1112 1330 moratum
1136 1292 1230 1349 neque
1253 1283 1357 1332 testem
1381 1296 1448 1333 555-

123 1370 214 1428 latum
243 1371 395 1429 effossioni
423 1371 566 1430 adfuisse.
616 1371 704 1445 Quod
733 1389 835 1430 verum
861 1370 961 1447 est¹);
995 1375 1047 1432 sed
1076 1393 1111 1431 eo
1140 1394 1218 1433 anno
1246 1395 1283 1434 ne
1308 1375 1448 1453 Ligarius

122 1473 242 1548 quidem
272 1472 386 1530 Romus
417 1473 525 1543 adfuit,
556 1475 666 1550 quippe
695 1476 744 1550 qui
776 1476 834 1533 iam
867 1495 894 1532 a.
919 1475 995 1534 1568
1026 1476 1194 1534 Ferrariam
1224 1479 1323 1537 sedem
1353 1490 1448 1537 trans·

123 1575 233 1631 tulerat
255 1573 303 1648 (C.
322 1575 345 1633 l.
360 1574 396 1632 L.
413 1575 456 1631 Vl
481 1595 509 1651 p.
525 1574 606 1644 LII).
642 1575 785 1635 Narratio
808 1588 905 1634 autern
928 1576 1091 1651 Ligariana
1112 1598 1188 1654 qnae
1210 1590 1293 1637 extat
1314 1581 1343 1636 iu
1368 1583 1448 1638 volu·

123 1677 252 1735 minibus
273 1676 512 1735 Taurinensibus
534 1676 659 1751 (XVIII
680 1678 700 1735 f.
718 1678 772 1754 61)
795 1688 858 1737 1515
881 1680 964 1738 55515
986 1680 1078 1738 distat
1099 1699 1118 1738 a
1139 1679 1353 1757 Perutiana²):
1376 1685 1447 1759 quid

121 1779 200 1853 quad
224 1797 301 1837 unus
322 1779 374 1836 ille
396 1779 501 1836 titulus
523 1779 647 1837 ficticius
670 1798 758 1854 quem
780 1782 917 1856 genuinis
939 1782 1053 1841 addidit
1074 1781 1214 1857 Ligarius
1238 1781 1288 1857 (C.
1304 1784 1327 1841 Ι.
1343 1782 1378 1841 L.
1397 1783 1448 1854 Vl,

123 1877 213 1955 ill')
242 1900 260 1939 a
287 1881 397 1939 scheda
422 1881 597 1939 Florentina
622 1881 727 1940 abest?
770 1883 928 1942 Postremo
955 1884 1032 1943 inter
1053 1883 1271 1961 diagrammata
1297 1884 1448 1945 Silvestris

121 1981 252 2055 Perutii‚
280 2001 358 2058 quae
385 1983 477 2042 multa
503 1993 607 2041 extent
633 1984 663 2042 in
685 2003 790 2042 museo
816 1985 1005 2058 Florentino,
1035 1986 1108 2044 nihil
1134 1987 1256 2064 reperiri
1283 2006 1342 2063 quo
1369 2007 1447 2046 com·

122 2084 264 2143 mercium
291 2086 456 2144 litterarum
482 2085 575 2144 faisse
602 2087 678 2143 inter
703 2105 771 2144 eum
793 2098 824 2145 et
844 2085 998 2165 LIgorium
1019 2088 1221 2159 confirmetur,
1248 2106 1304 2147 usu
1325 2089 1448 2149 edoctus

121 2204 176 2262 ego
199 2195 303 2245 testor.

205 2286 292 2362 Quae
319 2309 385 2348 cum
413 2291 454 2349 ita
480 2290 540 2349 sint
568 2291 752 2365 diagramma
778 2290 972 2369 Paratianum
1001 2292 1151 2370 egregium
1179 2303 1210 2352 et
1237 2293 1296 2353 lide
1328 2296 1448 2353 omnino

198 2482 221 2544 ¹)
242 2484 377 2534 Erincitar
396 2484 445 2534 boc
463 2486 622 2536 documentis
642 2499 707 2550 quae
733 2500 765 2534 ex
790 2485 915 2537 tabulario
939 2488 1064 2552 imperiali
1085 2488 1279 2539 vindobonensi
1303 2491 1448 2553 nuperrime

117 2576 201 2625 edidit
221 2575 334 2626 Ioannes
347 2579 379 2627 de
390 2578 547 2629 Voltelbniia
565 2575 706 2641 (15155551
719 2575 765 2626 der
776 2576 1013 2629 1155115151155155
1026 2577 1200 2646 6555155955
1213 2580 1257 2631 der
1269 2579 1449 2633 alleridclrrten

120 2665 307 2718 sasaim
336 2670 384 2718 rol.
406 2669 488 2732 XIII,
515 2669 604 2731 1891).
648 2669 680 2719 ln
709 2671 819 2735 epistula
845 2671 967 2736 Prosperi
999 2672 1099 2722 comitis
1127 2674 1244 2736 Lodron,
1274 2673 1447 2725 Maximillani

120 2761 284 2823 imperatoris
308 2763 334 2811 in
357 2763 429 2812 55515
447 2762 565 2813 Romana
583 2764 692 2812 oratoris
717 2763 777 2812 data
800 2763 825 2812 d.
846 2763 969 2813 551155.
990 2763 1058 2813 1567
1083 2765 1118 2829 (p.
1133 2765 1220 2815 XLIV
1240 2781 1291 2831 reg.
1311 2782 1337 2817 ιι.
1352 2767 1447 2830 atton

120 2849 146 2900 11
168 2854 289 2919 capitana
314 2851 426 2904 Salustio
446 2852 552 2921 partiris
576 2862 663 2921 questa
686 2857 817 2905 aettimaaa
839 2870 852 2905 5
875 2856 946 2906 51555
967 2871 1017 2923 per
1040 2858 1134 2907 5555155
1156 2857 1212 2907 5115
1233 2856 1327 2908 5555515
1347 2866 1448 2933 cosma.-

119 2945 253 2995 Perutinm
279 2962 336 2996 enm
362 2962 429 3008 esse,
453 2948 485 2997 de
505 2963 555 3011 qao
575 2963 659 2997 sermo
677 2948 795 2998 initiam
814 2956 874 2998 ante
896 2947 932 3012 (p.
947 2948 1037 2998 XLIII
1056 2964 1081 2997 n.
1097 2951 1166 2999 8757
1186 2951 1212 2999 d.
1233 2951 1344 3001 611151.
1364 2953 1448 3012 1567;

120 3053 144 3100 p.
158 3038 248 3087 XLIV
269 3055 294 3088 n.
310 3037 380 3088 8767
401 3040 426 3088 5.
445 3041 463 3088 4
481 3039 537 3090 Oct
559 3039 639 3101 1567)
659 3041 835 3090 certissimum.
874 3040 915 3089 Ex
934 3040 1016 3090 altero
1035 3041 1189 3091 documento
1209 3042 1446 3094 511511555.1568

120 3128 239 3189 (15519
261 3146 286 3194 p.
300 3131 388 3181 XLVI
406 3147 432 3181 ιι.
448 3132 529 3193 8761)
552 3147 660 3182 uxorem
680 3133 826 3197 liberosque
845 3133 901 3181 eius
919 3131 1002 3183 Roma
1016 3132 1198 3184 Vindobonam
1222 3135 1358 3185 accessitos
1378 3152 1447 3197 esse;

119 3236 143 3269 a.
159 3224 230 3272 1576
251 3224 335 3287 April.
354 3225 385 3272 tt
409 3225 518 3274 mittitur
536 3224 720 3275 Poetovionem
745 3225 778 3275 ad
802 3226 987 3275 munimentum
1007 3227 1176 3276 extruendum
1201 3225 1236 3291 (p.
1250 3228 1295 3277 LV
1315 3245 1341 3277 ιι.
1356 3227 1447 3291 8816).

120 3313 160 3363 61.
181 3315 294 3379 denique
312 3315 347 3365 ib.
368 3332 393 3380 p.
406 3315 495 3365 XLVI
514 3332 539 3365 n.
555 3318 639 3379 87913
658 3318 720 3366 item
738 3317 891 3367 documenta
907 3324 984 3367 55155
996 3316 1067 3367 edita
1079 3316 1210 3368 latriam
1230 3320 1281 3369 rol.
1292 3321 1316 3369 V
1333 3337 1358 3385 p.
1373 3321 1446 3371 CVII

119 3422 144 3455 ιι.
161 3407 248 3468 441s;
280 3407 328 3456 rol.
347 3407 397 3457 Vll
422 3424 445 3472 p.
468 3407 591 3458 CXLVII
614 3423 640 3458 n.
661 3410 741 3460 5165.
787 3409 876 3459 Debeo
905 3410 968 3459 baec
991 3409 1122 3460 oillciosae
1147 3411 1277 3462 Francisci
1298 3413 1446 3463 chkboffli

119 3499 256 3549 amicitiae.

193 3588 219 3652 ¹)
240 3592 328 3657 Verba
345 3593 378 3641 ab
399 3592 520 3641 Henaeno
540 3608 564 3656 p.
579 3594 673 3643 XXIV
691 3595 776 3658 posita
799 3595 841 3644 bic
864 3602 978 3659 repetere
1002 3611 1053 3645 non
1078 3597 1312 3660 supersedebimus:
1338 3594 1386 3647 Via
1404 3594 1445 3647 Vi·

119 3682 191 3732 151115
209 3699 256 3733 era
275 3682 359 3750 955115
378 3682 421 3734 515
439 3685 548 3751 partica
572 3684 646 3735 55115
664 3693 743 3752 porta
764 3694 897 3753 portuense
920 3705 935 3737 5
957 3695 1056 3755 portese
1080 3686 1109 3736 di
1127 3686 1219 3750 Roma,
1244 3696 1268 3739 51
1290 3705 1320 3738 55
1344 3688 1446 3740 andana

119 3774 174 3826 5115
190 3774 254 3826 cittii
272 3775 316 3825 551
332 3774 411 3826 Porta
429 3792 476 3844 per
501 3777 522 3826 11
544 3778 627 3844 campi
650 3773 780 3839 Vaticani,
804 3794 854 3846 per
879 3778 903 3830 15
922 3781 1004 3846 piano
1028 3779 1206 3846 555159915555
1231 3780 1254 3832 15
1276 3779 1383 3831 51515115
1406 3781 1449 3832 551

123 3866 215 3918 Tenere
226 3868 316 3931 fiame,
341 3868 417 3930 5555,
442 3868 542 3918 emendo
563 3869 700 3935 1551519515
719 3869 753 3919 55
772 3867 863 3931 Lucia
877 3868 990 3933 Vitellia,
1011 3870 1096 3940 padre
1115 3871 1144 3921 di
1167 3869 1268 3924 Vitellio
1286 3875 1445 3941 imperatore,

118 3960 185 4010 55115
203 3976 252 4010 aaa
271 3976 378 4011 5555555
394 3959 511 4022 5555555,
523 3960 559 4026 ju
577 3977 635 4012 5555
652 3961 779 4013 5151555515
794 3964 839 4012 515
853 3959 957 4014 Vitellia
965 3962 1110 4026 Parmense,
1127 3980 1175 4030 per
1194 3965 1220 4014 15
1239 3965 1313 4033 95515
1331 3983 1349 4016 5
1361 3965 1448 4017 555155

119 4050 187 4102 55115
204 4054 251 4102 515
269 4070 286 4103 5
304 4060 342 4103 tre
358 4053 449 4120 5519115
471 4054 496 4103 51
518 4060 626 4105 1555555
648 4055 671 4103 11
692 4055 791 4105 solenne
816 4057 905 4123 tempio
930 4054 998 4106 55115
1022 4056 1071 4107 555
1089 4057 1174 4117 Arma,
1199 4054 1252 4108 5151
1274 4057 1343 4108 55115
1366 4056 1447 4109 Terra

119 4165 133 4194 5
145 4141 212 4207 Lan,
232 4144 355 4196 5551551115
375 4144 432 4196 5511
443 4143 537 4195 Fratri
550 4146 650 4207 Arvali,
670 4147 712 4196 551
729 4148 772 4198 cui
788 4147 877 4198 ardiae
895 4164 972 4199 55555
990 4150 1138 4216 apertori
1155 4165 1169 4200 5
1189 4142 1326 4217 15595515
1343 4152 1448 4203 515151

119 4234 230 4287 15555151
247 4237 351 4288 illecti
385 4234 425 4288 Lo
445 4236 506 4304 9551
523 4240 611 4306 tempio
622 4239 658 4303 ju
676 4239 791 4302 rotando,
811 4240 916 4292 5555555
936 4240 964 4292 15
981 4248 1103 4292 maumam
1117 4242 1218 4308 pisata
1255 4240 1327 4294 Daue
1346 4251 1445 4295 5115555

119 4328 237 4379 edenti-a
261 4329 282 4379 li
303 4327 388 4380 515511
409 4346 423 4379 5
446 4329 545 4394 dicari
559 4331 610 4395 fra
631 4333 682 4381 5551
703 4339 802 4383 5115555
829 4332 851 4383 15
872 4334 968 4401 parieti
989 4349 1065 4384 55555
1090 4333 1113 4384 15
1134 4335 1241 4402 15559151
1264 4342 1347 4401 159515
1369 4352 1383 4387 5
1406 4337 1448 4388 551

119 4436 181 4488 capa
199 4422 283 4473 551515
303 4429 420 4473 coronate
439 4421 468 4472 51
485 4421 572 4489 epipha
591 4422 620 4473 51
637 4440 718 4490 95555
737 4417 799 4475 5511
820 4427 969 4492 imperatori
985 4428 1084 4477 romani
1104 4443 1118 4476 5
1136 4426 1201 4477 55115
1218 4427 1335 4493 55911551
1351 4436 1446 4479 5515515

119 4513 159 4562 ael
175 4513 327 4575 5555555115,
347 4529 392 4565 ace
411 4512 539 4565 15555555
558 4516 702 4582 sacrificato
721 4523 745 4565 51
758 4519 868 4583 perpati
884 4518 924 4583 911
940 4520 1035 4584 559551
1052 4518 1094 4569 551
1109 4520 1221 4586 portenti
1237 4519 1357 4571 55555511
1381 4529 1404 4570 51
1423 4521 1446 4570 15

120 4607 277 4671 9551515155
295 4622 373 4657 mano
392 4607 443 4657 alte
461 4606 529 4658 51551
546 4608 631 4675 palmi
654 4616 678 4658 51
700 4609 728 4657 oi
750 4624 827 4660 erano
852 4609 881 4659 di
904 4610 984 4676 955115
1002 4611 1139 4678 9555151155
1163 4605 1225 4663 5511
1252 4610 1315 4661 altri
1337 4609 1447 4662 15555151

120 4697 225 4760 illustre,
251 4700 480 4749 51555155155555
500 4698 535 4750 55
553 4699 671 4751 Romala.-
697 4700 837 4752 51555555
857 4704 1007 4753 55515551
1023 4702 1157 4771 epitaphii,
1182 4718 1248 4755 55555
1271 4713 1445 4773 5555595515

120 4790 146 4838 15
163 4798 246 4856 questo
266 4790 340 4856 15595
360 4792 460 4857 capiate
480 4790 509 4841 51
526 4791 620 4854 coloro,
640 4794 652 4841 i
670 4793 742 4859 95511
758 4792 860 4844 bavono
878 4794 968 4845 555515
986 4797 1056 4861 95151
1071 4795 1190 4846 dedicati.
1223 4797 1359 4847 Hencenus
1376 4799 1444 4862 quod

121 4884 192 4946 ponit
210 4883 246 4947 (p.
260 4883 378 4945 XXIV):
402 4882 451 4933 155
469 4885 616 4934 namatium
636 4884 679 4947 (de
697 4887 787 4936 statuis
806 4888 963 4951 temporibus
982 4887 1101 4954 Gregorii
1116 4889 1186 4939 XIII
1205 4889 1322 4953 repertis)
1340 4890 1445 4956 itemque

120 4975 257 5025 invectim
275 4992 293 5025 a
312 4973 530 5026 11555115551515
547 4976 702 5027 5155155115
720 4993 780 5027 5555
802 4994 854 5029 ease
872 4976 1006 5046 11955155,
1032 4988 1059 5030 51
1076 4982 1160 5047 primo
1185 4980 1282 5048 quidem
1305 4980 1445 5032 5551551555

121 5063 282 5118 Pontianum
300 5069 463 5135 5555911555,
489 5067 578 5119 551555
597 5069 710 5135 aedificii
731 5072 819 5121 515555
840 5068 1043 5123 Cercarellianae
1061 5088 1150 5123 mernor
1169 5075 1194 5123 ei
1211 5073 1354 5141 applicaret
1372 5074 1443 5141 quid-

121 5158 182 5225 quid
199 5159 230 5209 de
248 5159 364 5212 55515515
383 5159 448 5211 51111
466 5169 624 5222 narraverat,
645 5177 721 5227 quam
743 5153 881 5214 artificiose
900 5166 1073 5229 excogitatum
1093 5166 1134 5227 sit,
1156 5168 1284 5217 nemiuem
1303 5168 1375 5233 fugit.
