3746 5912
597 535 682 587 vrrs
707 535 995 588 vscmcounusrs
1375 516 1449 590 453

127 725 273 785 translati
293 731 372 805 sunt,
397 745 414 785 a
438 744 486 784 me
508 724 637 784 conferri
658 724 819 804 potuerint,
842 724 965 804 plurimi
986 744 1056 785 vero
1071 724 1104 785 in
1119 725 1232 804 campis
1247 734 1277 786 et
1295 726 1449 791 montibus

127 830 231 908 sparsi
252 831 372 890 lateant
417 830 469 889 Ad
489 830 622 889 laborem
646 830 727 890 hunc
755 829 909 889 difficilem
936 850 1007 890 eane
1029 839 1060 890 et
1084 830 1260 892 diuturnum
1281 831 1449 911 suscipien-

127 936 207 994 dum
229 934 283 1011 qui
304 954 337 995 ae
360 934 526 1012 accingeret
551 932 693 994 inventus
716 941 760 994 est
781 937 813 995 P.
829 934 980 995 Martinus
1002 935 1136 1017 Capella,
1166 938 1319 1015 presbyter
1340 940 1449 998 Braca-

127 1038 241 1119 reneis,
275 1041 426 1118 professor
458 1038 536 1117 lycei
556 1038 749 1099 Viennensis.
793 1041 873 1099 Nam
902 1059 969 1099 cum
997 1039 1030 1099 in
1059 1040 1232 1117 regionibus
1265 1041 1327 1101 illis
1359 1051 1448 1103 natus

127 1152 161 1204 et
193 1144 264 1204 inde
296 1165 314 1203 a
346 1142 476 1221 pueritia
510 1149 644 1203 versatus
675 1149 737 1203 tam
767 1151 889 1222 propter
921 1144 1021 1204 officia
1052 1145 1253 1206 ecclesiastica
1285 1166 1374 1223 quam
1409 1150 1448 1207 ob

126 1248 247 1326 patriae
278 1247 465 1324 antiquitatis
495 1268 627 1308 amorem
654 1248 720 1308 loca
746 1249 812 1326 ipsa
839 1255 869 1308 et
897 1247 1035 1309 homines
1062 1270 1165 1309 eorum
1191 1270 1300 1327 gnaros
1325 1251 1448 1330 penitus

126 1353 279 1434 novisset,
313 1374 331 1413 a
356 1353 515 1413 I'rancim
547 1353 675 1413 Martius
707 1356 863 1413 Sarmento
893 1355 1061 1413 studiorum
1089 1354 1155 1414 eius
1183 1355 1302 1431 generis
1331 1357 1447 1416 fautore

127 1465 255 1519 smenuo
278 1456 468 1518 institutione
491 1456 642 1518 doctrinae
665 1465 695 1519 et
715 1457 811 1538 libris,
834 1457 887 1534 qui
909 1461 967 1518 huc
989 1458 1118 1538 faciunt,
1141 1459 1306 1519 liberaliter
1327 1459 1448 1520 adiutus

127 1563 225 1623 etiam
245 1560 291 1621 rei
312 1561 519 1641 epigrapbieae
534 1561 658 1621 Latinae
673 1561 773 1622 studio
795 1561 948 1622 indefesso
968 1563 1058 1623 talem
1073 1562 1133 1623 sibi
1153 1564 1268 1641 paravit
1282 1563 1445 1644 scientiam,

126 1675 164 1726 ut
186 1668 319 1727 fructum
341 1666 453 1726 laboris
473 1687 527 1744 per
548 1667 660 1726 multoe
682 1686 777 1727 annos
804 1666 947 1745 protracti
972 1669 1092 1727 tandem
1118 1668 1231 1745 publici
1253 1667 1327 1728 iuris
1349 1670 1447 1728 tacere

126 1778 234 1849 posset
255 1771 335 1830 edito
361 1791 457 1848 nuper
477 1769 555 1830 libro
578 1791 633 1830 suo
656 1771 816 1830 Milites-ica
836 1772 872 1830 do
894 1774 1069 1832 Conventus
1091 1773 1383 1848 Bracaraugustanus
1405 1793 1447 1831 ern

126 1875 279 1954 Portopol,
304 1874 436 1955 reliquiae
457 1874 656 1955 d’epiprcplt‘o
678 1895 807 1956 rorata,
838 1876 1013 1937 traatododoe
1034 1876 1084 1935 dor
1101 1877 1238 1954 proprios
1258 1886 1448 1937 monumentor

31 2025 36 2034 .
126 1977 231 2060 (Porto
259 1982 348 2058 1895,
372 2000 422 2058 pp.
439 1982 501 2040 272
527 1976 580 2061 8.).
625 1980 751 2040 Librum
772 1983 867 2061 buno,
890 2002 980 2057 quem
1002 1981 1153 2060 expectari
1179 1981 1244 2041 dixi
1264 1981 1297 2041 in
1320 1984 1447 2061 Supple-

126 2090 233 2144 mento
261 2080 300 2166 (p.
325 2081 410 2166 995),
425 2097 428 2106 '
444 2084 488 2144 ita
516 2083 575 2144 sibi
604 2085 730 2162 putabat
757 2084 948 2145 scribendum
975 2105 1054 2162 esse,
1088 2092 1124 2145 ut
1153 2086 1355 2146 conterraneis
1383 2087 1447 2147 suis

126 2188 281 2250 auxilium
302 2190 393 2249 terret
414 2190 453 2248 ad
474 2188 575 2249 studia
596 2188 751 2265 dirigenda
778 2189 810 2248 in
839 2189 953 2266 patriae
975 2188 1164 2266 antiquitatis
1185 2189 1341 2250 universae
1363 2197 1394 2251 et
1415 2191 1447 2250 in

127 2294 247 2354 viarum
268 2293 460 2371 potissimum
474 2296 677 2354 Romanarum
699 2292 969 2371 investigationem.
1008 2295 1096 2354 Unde
1117 2294 1270 2373 praemisit
1285 2296 1448 2356 enarratio·

127 2418 201 2457 nem
215 2397 487 2475 peregrinationum
501 2398 713 2478 frequentium,
737 2397 847 2475 quibus
861 2397 978 2458 viarum
993 2397 1183 2474 antiquarum
1200 2405 1312 2458 tractus
1327 2399 1446 2459 assidue

127 2512 251 2563 secutus
265 2501 411 2562 miliarios
425 2503 522 2563 adhuc
537 2502 712 2580 superstites
733 2502 895 2583 indagavit,
920 2502 1130 2581 inscriptiones
1145 2524 1248 2563 eorum
1265 2504 1447 2566 examinavit

127 2614 159 2668 et
181 2607 322 2686 correxit,
346 2606 452 2666 titulos
466 2627 561 2666 novoe
575 2605 700 2667 invenit.
738 2606 943 2668 Emendantur
957 2606 1239 2684 investigationibus
1253 2607 1316 2670 illis
1334 2608 1447 2687 passim

128 2732 207 2789 quae
235 2733 273 2772 ex
302 2711 474 2772 auctoribus
501 2712 620 2789 Argotii
646 2712 822 2790 plerumque
850 2713 909 2771 fide
937 2711 1038 2789 dignis
1066 2720 1096 2772 et
1121 2713 1267 2774 accuratis
1296 2719 1386 2790 atque
1409 2735 1446 2774 ex

127 2818 239 2878 Barros
262 2815 363 2877 Sibelo
390 2814 524 2876 hominis
550 2815 683 2893 Hispani
710 2837 800 2895 opera
826 2816 1022 2877 tumultuaria
1044 2823 1075 2876 et
1100 2818 1273 2897 neglegenti
1295 2837 1350 2895 ego
1373 2819 1446 2878 olim

127 2920 267 3000 Kieperti
291 2920 400 2999 peritia
430 2920 553 2981 adiutus
585 2923 622 2980 de
654 2921 841 3000 singularum
867 2922 983 2981 viarum
1017 2942 1178 3000 progressu
1205 2931 1234 2983 et
1265 2923 1446 2984 stationibus

128 3026 294 3087 enucleavi.
332 3027 367 3085 Id
388 3045 483 3086 unum
506 3026 643 3087 dolemus
665 3028 746 3103 quod
767 3026 838 3086 huic
860 3025 931 3086 libri
953 3025 1019 3086 eius
1040 3026 1120 3105 parti
1140 3025 1320 3089 utilissimae
1341 3035 1372 3087 et
1393 3030 1446 3088 ad-

127 3134 251 3192 modum
265 3130 423 3210 iucundae,
440 3150 622 3207 quamquam
636 3132 770 3193 locorum
784 3130 983 3191 indicationes
1002 3132 1109 3209 plenae
1124 3137 1196 3191 sunt
1210 3139 1241 3193 et
1260 3132 1444 3213 perspicuae,

127 3257 238 3316 mappa
258 3236 457 3314 geographica
483 3236 577 3315 perita
599 3235 749 3297 delineata
771 3238 867 3317 deest,
896 3237 1017 3313 qualem
1044 3255 1105 3295 non
1127 3235 1301 3313 ignoramus
1322 3237 1445 3299 difficile

126 3341 228 3420 parari
249 3360 338 3419 posse
361 3342 398 3400 ab
418 3340 541 3402 bomine
562 3342 677 3419 privato
700 3362 797 3418 neque
820 3341 853 3400 in
869 3348 931 3401 arte
946 3362 982 3400 ea
996 3338 1168 3402 exercitato.
1205 3341 1354 3403 Miliarios
1375 3363 1444 3402 vero

127 3445 210 3525 ipsos
240 3444 283 3505 ita
313 3445 460 3505 enanavit
490 3445 626 3525 scriptor,
658 3454 693 3505 ut
719 3448 757 3506 de
784 3446 846 3506 vita
874 3445 1064 3523 singulorum
1084 3444 1296 3523 imperatorum
1325 3447 1445 3506 brevem

127 3556 323 3627 conspectum
344 3549 561 3628 praemitteret,
590 3549 698 3609 deinde
724 3558 891 3628 temporum
918 3549 1054 3610 ordinem
1075 3556 1196 3610 secutus
1219 3550 1355 3628 singulos
1376 3571 1445 3628 pro-

127 3660 253 3732 poneret
274 3662 305 3714 et
326 3654 497 3733 explicaret.
542 3656 617 3734 Ego,
640 3661 675 3713 ut
696 3675 750 3733 par
771 3660 826 3734 est,
850 3653 883 3713 in
904 3655 1040 3714 locorum
1061 3654 1197 3714 ordinem
1219 3654 1329 3733 redegi.

213 3779 240 3836 E
263 3774 402 3837 miliariis
424 3774 558 3852 quinque
579 3775 695 3836 viarum
717 3775 836 3835 illarum
859 3777 983 3835 CLXVI
1010 3777 1079 3854 plus
1106 3775 1206 3837 minus
1234 3778 1331 3836 adbuc
1353 3775 1442 3855 notis,

129 3902 204 3959 quos
220 3880 302 3941 edidi
316 3879 349 3939 in
365 3880 497 3959 corporIs
512 3880 663 3940 volumine
684 3882 714 3940 11
737 3889 767 3940 et
788 3880 820 3939 in
843 3881 1052 3959 supplemento
1069 3879 1145 3961 eius,
1168 3881 1300 3959 Capella,
1324 3879 1443 3940 sirecte

128 3985 307 4066 computavi,
330 3987 460 4046 LXXVI
482 3986 580 4044 denuo
601 3984 760 4061 indagavit
798 3986 834 4044 In
849 3985 959 4060 quibus
973 3986 1076 4044 decem
1091 3991 1162 4044 sunt
1181 3991 1269 4045 antea
1289 3989 1352 4044 tam
1365 3985 1443 4044 male

127 4091 197 4151 lecti
218 4098 249 4149 et
269 4089 419 4168 descripti,
443 4097 478 4148 ut
500 4089 649 4149 emendati
671 4090 770 4149 denuo
792 4088 982 4168 proponendi
1003 4088 1125 4149 fuerint.
1167 4090 1230 4153 Qui
1251 4096 1364 4148 restant
1386 4089 1444 4148 cir·

129 4194 199 4255 citer
221 4196 276 4254 XC
298 4175 350 4254 aut
371 4196 506 4253 nondum
528 4194 636 4270 reperti
663 4201 734 4253 aunt
762 4201 814 4253 aut
843 4193 1022 4253 interierunt
1047 4193 1233 4271 neglegentia
1256 4202 1286 4252 et
1308 4193 1444 4253 socordia

128 4299 304 4378 incolarum,
327 4319 418 4375 quam
432 4298 556 4375 Capella
577 4305 608 4358 et
629 4296 784 4375 castigavit
806 4317 907 4358 severe
923 4304 953 4356 et
970 4297 1051 4357 idem
1072 4296 1263 4376 indulgenter
1279 4299 1442 4377 excusavit,

130 4411 180 4464 aut
202 4402 333 4480 danique
355 4408 459 4463 eatam
480 4400 513 4461 in
540 4401 713 4478 regionibns
742 4408 824 4462 extra
850 4402 1051 4477 Portugalliae
1077 4403 1152 4461 fines
1182 4401 1260 4481 sitis,
1290 4422 1364 4477 quaa
1389 4403 1443 4462 ille

87 4580 90 4585 Q
128 4527 188 4568 non
212 4507 295 4567 adiit
340 4506 421 4566 Novi
443 4513 632 4567 accesserunt
653 4508 785 4586 XXXII,
816 4505 965 4583 equibus
991 4505 1100 4584 viginti
1126 4525 1220 4583 paene
1242 4505 1351 4582 integri
1373 4513 1443 4566 sunt

130 4608 158 4671 et
178 4614 276 4672 bonae
298 4609 408 4687 frugis;
432 4610 540 4686 reliqui
561 4612 727 4686 fragmenta
748 4616 820 4671 sunt
840 4609 941 4670 minus
963 4609 1058 4670 utilia.
1095 4611 1132 4668 In
1147 4611 1273 4669 Bracara
1295 4609 1361 4687 ipsa
1382 4610 1443 4670 iam

130 4716 210 4777 notis
232 4715 361 4776 addendi
383 4721 469 4774 erant
489 4714 561 4775 novi
576 4714 735 4775 duodecim
752 4715 785 4774 in
798 4714 889 4775 variis
904 4713 1008 4793 oppidi
1029 4713 1165 4792 partibus
1187 4713 1298 4773 detecti
1320 4721 1351 4773 et
1373 4735 1441 4775 cum

128 4821 251 4898 reliquis
265 4819 328 4879 iam
343 4819 472 4898 expositi
493 4819 612 4898 publice
632 4819 665 4879 in
685 4826 824 4896 querceto
847 4816 875 4902 (o
890 4815 1294 4900 posceiodasCosoolhes'ras).
1329 4821 1441 4878 Eorum
1479 4884 1482 4889 ,

129 4926 186 4985 duo
213 4932 311 4985 tresve
345 4924 491 4985 debentur
519 4924 638 4983 Albano
666 4923 782 4984 Bellino
812 4923 948 5003 scriptori
975 4923 1162 5003 Braoarenai,
1194 4925 1321 4998 dequo
1351 4943 1441 5000 supra

130 5029 191 5090 dixi
211 5051 241 5108 p.
258 5032 335 5105 4013
359 5049 396 5088 ex
419 5028 472 5108 eis,
496 5027 548 5104 qui
570 5028 722 5107 pertInent
742 5030 781 5088 ad
802 5028 881 5088 viam
902 5030 1028 5088 Bracara
1050 5031 1172 5088 Portum
1194 5023 1276 5109 (Cap.
1297 5022 1336 5109 1),
1365 5048 1441 5087 non·

129 5135 225 5194 nullos
247 5133 439 5211 indagaverat
460 5132 521 5192 iam
536 5136 702 5213 sarmento,
725 5132 779 5208 qui
793 5131 988 5208 antiquitates
1002 5132 1113 5209 patrias
1127 5150 1231 5191 omnes
1252 5131 1318 5210 pari
1339 5131 1440 5191 studio

132 5238 322 5316 amplectitur.
370 5240 498 5316 Operam
525 5238 661 5296 nondum
689 5237 857 5297 absolutam
884 5256 949 5297 esse
979 5236 1100 5313 Capella
1128 5236 1174 5295 vir
1203 5234 1440 5296 modestissimus
