3798 5910
434 545 505 616 312
784 562 911 614 nvimrr
939 561 1100 614 Avnvsm
1126 562 1173 612 nn
1199 560 1400 612 nemmem

583 756 667 813 prem
688 738 839 795 adducerer.
884 736 999 793 Nummi
1019 738 1186 810 inscriptio:
1210 748 1270 793 cos
1291 749 1351 791 xrm
1375 748 1434 789 ivn
1457 746 1530 790 senc
1552 746 1620 803 rec,
1643 734 1749 789 eaden-

583 860 635 915 que
657 850 697 898 eri
717 843 749 896 in
769 839 955 915 sequentibue.

634 940 784 999 Ludnrnm
812 952 879 998 ecte
907 941 1084 1016 Angustcne
1109 939 1187 1014 qnod
1216 938 1360 1007 referunt,
1396 955 1480 995 sacra
1507 937 1656 993 celebrate
1683 952 1747 991 esse

584 1044 699 1105 Achivc
713 1044 779 1100 ritu
805 1043 856 1117 (cf.
880 1063 908 1117 p.
924 1041 1014 1117 257),
1036 1042 1146 1099 nummi
1167 1039 1330 1098 Domitiani
1353 1039 1500 1097 sacrificia
1520 1056 1747 1095 commemoren-

583 1159 627 1204 tes
655 1147 773 1223 egregie
801 1145 964 1203 illustrant:
998 1145 1029 1201 in
1055 1144 1192 1201 omnibus
1219 1144 1296 1200 enim
1332 1142 1494 1218 imperator
1525 1160 1583 1197 non
1612 1140 1747 1198 Romano

582 1249 730 1308 sacrificet
749 1248 807 1305 ritu
830 1245 941 1322 (capite
957 1246 1067 1321 velato)
1090 1246 1143 1304 ned
1159 1243 1287 1317 Graeco,
1309 1255 1413 1321 aperto
1427 1246 1526 1319 eapite
1549 1242 1600 1317 (ei.
1619 1243 1745 1299 Macrob.

586 1354 612 1419 1,
635 1351 663 1420 8,
687 1349 735 1425 2);
758 1368 853 1425 neque
874 1348 1011 1407 Romana
1032 1360 1079 1406 est
1100 1349 1193 1406 vestis
1214 1349 1332 1406 tunicae
1354 1346 1460 1405 similis
1476 1379 1514 1388 —
1529 1346 1630 1404 nescio
1652 1357 1746 1403 uirum

582 1453 660 1509 stola
687 1472 724 1510 an
750 1451 811 1509 alin
840 1450 957 1508 nomine
986 1451 1164 1528 appellanda
1187 1482 1225 1493 -
1248 1450 1278 1506 in
1301 1468 1419 1507 nnmmo
1441 1448 1530 1505 modo
1552 1447 1698 1524 descripto
1719 1458 1748 1505 et

580 1556 611 1611 in
639 1574 674 1611 eo
700 1555 749 1629 qni
778 1553 912 1629 sequitur
939 1570 1094 1629 expressa.
1145 1549 1231 1625 Quod
1259 1569 1329 1610 vero
1355 1553 1517 1626 imperator
1543 1551 1572 1607 in
1602 1549 1746 1608 sacrificio

582 1657 694 1731 primae
716 1656 811 1713 noctis
833 1664 862 1713 et
885 1656 970 1729 primi
994 1655 1051 1713 diei
1075 1652 1192 1713 Graece
1215 1664 1295 1712 vente
1318 1654 1420 1725 utitur,
1434 1652 1516 1731 'toga
1542 1653 1664 1728 reliquie
1686 1652 1746 1709 die-

581 1760 637 1816 bus
658 1759 700 1832 (n.
718 1760 769 1816 60.
787 1757 837 1815 6b.
856 1757 882 1812 7.
900 1756 943 1831 9),
965 1757 996 1815 id
1017 1757 1168 1832 quomodo
1189 1756 1396 1832 explicandum
1419 1755 1460 1814 sit
1481 1756 1592 1814 nereio.

513 1861 605 1918 Primi
629 1860 687 1919 diei
709 1879 824 1920 sacrum
848 1859 964 1935 effingit
985 1878 1122 1918 nummus
1144 1878 1254 1918 nenena

490 1965 554 2022 nb
576 1961 695 2037 (Ceben
719 1982 746 2020 n.
763 1962 829 2036 89):
860 1961 934 2019 Anii
960 1964 1056 2020 cedem
1081 1981 1130 2021 een
1155 1961 1348 2020 columnarum
1370 1961 1479 2018 ordinis
1503 1969 1535 2016 ui
1559 1961 1669 2016 videbe
1696 1958 1745 2015 Co-

579 2067 679 2122 rinthii
707 2064 750 2140 (in
772 2067 911 2139 saeiiqio:
940 2067 1058 2141 corone)
1085 2068 1238 2139 imperator
1264 2064 1360 2121 endem
1386 2081 1470 2137 qnam
1495 2080 1586 2137 cupra
1611 2063 1746 2136 dmcripei

579 2178 652 2225 necte
677 2169 792 2225 induces
818 2185 840 2223 e.
862 2167 995 2237 denisce,
1021 2168 1048 2224 d.
1067 2177 1198 2243 pateram
1224 2177 1318 2224 tenens
1339 2165 1379 2221 ad
1400 2183 1481 2221 aram
1502 2166 1662 2238 cccrificcir
1685 2174 1746 2219 anie

579 2289 640 2327 eum
660 2271 765 2343 fidicen
791 2281 817 2328 ei
843 2271 954 2340 tibicen,
978 2288 1054 2345 pene
1074 2270 1130 2326 dnn
1151 2271 1284 2339 ministri,
1311 2286 1430 2342 cuonem
1455 2286 1527 2325 unce
1552 2267 1647 2324 bovem
1668 2275 1746 2334 tener,

579 2372 654 2428 aiter
675 2376 815 2430 victimam
835 2377 930 2432 cecnri
943 2375 1026 2447 serii.

511 2475 556 2530 Ad
589 2474 737 2532 secundae
770 2476 865 2534 noctis
899 2474 1077 2532 sacrificinm
1105 2473 1277 2531 referendus
1310 2482 1357 2530 eet
1387 2471 1530 2530 alteruter
1561 2490 1743 2529 nummorum

427 2595 582 2633 aeneorum
606 2597 633 2632 n.
651 2576 702 2633 6α.
724 2577 764 2635 ei
785 2587 814 2634 et
833 2578 861 2648 7,
884 2577 939 2636 nisi
961 2577 1039 2634 forte
1062 2585 1185 2651 uterque
1206 2575 1283 2633 idem
1307 2583 1519 2633 commemorat
1541 2574 1724 2631 sacrificium.

468 2699 495 2735 n.
513 2679 557 2736 (ia
578 2675 697 2753 (Cohen
721 2699 748 2736 n.
765 2680 834 2755 91):
864 2680 937 2737 Ante
965 2680 1062 2736 nedem
1083 2688 1217 2754 qncnucr
1244 2676 1437 2734 columnarum
1461 2676 1671 2736 Corinthiarum
1697 2679 1744 2733 iri·

574 2785 708 2856 pertitam
730 2781 817 2855 (dnae
832 2790 968 2840 extremae
986 2790 1087 2856 perier
1100 2781 1228 2854 faecinia
1249 2780 1351 2837 babent
1364 2782 1476 2836 coronie
1490 2789 1635 2848 exoriente,
1656 2779 1745 2835 medie

575 2902 648 2957 pare
671 2893 744 2941 tecta
766 2892 808 2940 eci
821 2886 934 2958 fornice
940 2906 951 2952 ,·
979 2887 1052 2941 inter
1076 2900 1200 2940 ruminae
1228 2882 1371 2939 columnae
1389 2883 1470 2957 pilae
1494 2900 1602 2955 parcne
1623 2885 1681 2938 eice
1701 2900 1743 2936 ec·

579 2985 709 3042 lamellae
731 2995 937 3061 craecorum
958 2985 1019 3061 ecc)
1045 2989 1198 3060 imperator
1225 2994 1334 3060 icycinc
1361 3004 1383 3040 c.
1405 2985 1542 3054 columen,
1568 2985 1596 3040 d.
1615 2993 1744 3057 peierare

578 3097 670 3145 tenens
693 3087 734 3146 ad
753 3106 836 3145 aram
857 3089 1020 3163 sacrificem
1039 3097 1106 3145 ante
1128 3106 1188 3145 enm
1209 3087 1306 3145 tibicen
1329 3098 1354 3144 ei
1368 3088 1480 3160 fidicen,
1503 3087 1540 3143 ab
1554 3087 1646 3143 aliern
1664 3094 1745 3159 perte

577 3209 646 3247 arce
671 3186 811 3266 Tiberin)
840 3191 917 3249 berni
943 3191 1041 3247 cedens
1067 3188 1112 3247 cei
1128 3192 1225 3264 potine
1256 3190 1361 3246 nibem
1383 3207 1405 3245 e.
1430 3207 1516 3247 nemu
1537 3192 1634 3264 copiae
1656 3198 1744 3244 benene

577 3292 619 3365 (d.
643 3294 752 3350 nidcmr
774 3292 906 3351 bcbniere
927 3292 1137 3366 bnmndinern).

509 3394 606 3451 Huius
631 3395 741 3451 nummi
765 3396 892 3453 varietas
915 3404 999 3453 extet
1022 3393 1108 3451 haec:

467 3516 494 3551 n.
511 3497 566 3554 6b:
590 3497 668 3553 Idem
689 3498 857 3571 sacrificium
879 3499 1045 3572 mederique
1060 3498 1190 3571 Jianne5
1215 3495 1266 3553 ced
1292 3495 1376 3552 ceder
1398 3504 1438 3552 ret
1458 3497 1582 3570 quinque
1603 3495 1743 3552 colunne·

575 3618 637 3656 rem
660 3598 872 3656 Corinthiarum
893 3599 979 3674 (inter
999 3617 1123 3657 cuninae
1144 3597 1288 3655 colunnae
1305 3598 1388 3673 piice
1406 3615 1516 3672 parvae
1537 3600 1594 3654 eice
1615 3597 1744 3655 columci-

576 3702 621 3757 bae
642 3701 804 3776 quattuor),
833 3706 911 3760 cuiue
939 3711 1038 3760 tectum
1060 3702 1219 3776 bipertitum
1239 3700 1284 3757 vei
1305 3703 1473 3775 tripertitum
1494 3709 1535 3757 eci
1555 3703 1605 3769 iic,
1633 3709 1664 3757 ni
1684 3718 1743 3756 cen·

575 3811 628 3860 ciet
663 3822 697 3861 cc
725 3803 834 3861 duobus
864 3807 1004 3881 tympanic
1034 3802 1077 3878 (in
1106 3814 1225 3878 utroque
1252 3802 1370 3876 corona)
1401 3805 1554 3860 coniunctis
1580 3811 1611 3859 ui
1636 3802 1745 3860 videtur

569 3906 683 3977 fornice
705 3906 884 3964 iccindinnic.

487 4007 549 4063 ni
574 4004 690 4081 (Gohen
715 4027 743 4064 n.
760 4007 827 4082 85):
862 4010 935 4066 Ante
961 4010 1056 4067 cedem
1083 4027 1131 4066 ecc
1157 4008 1350 4065 columnarum
1377 4006 1588 4065 Corintbr'crum
1614 4006 1658 4079 (in
1680 4006 1746 4063 aliie

575 4109 779 4184 exemplaribus
807 4110 953 4169 columnae
978 4120 1044 4168 cunt
1064 4098 1205 4186 qninqner
1228 4112 1259 4167 in
1276 4112 1400 4185 santicio
1426 4110 1508 4166 modo
1530 4127 1643 4179 corona,
1665 4110 1746 4166 modo

574 4210 688 4286 aquila)
711 4215 865 4287 imperator
886 4222 998 4288 iocanti
1020 4231 1043 4270 e.
1063 4212 1200 4281 columen,
1223 4213 1250 4268 <i
1268 4223 1400 4286 pateram
1420 4221 1514 4270 tenens
1535 4212 1577 4268 cd
1596 4228 1678 4267 eram
1700 4229 1746 4267 en·

575 4314 700 4387 crineum
724 4324 789 4372 anie
810 4334 870 4373 eum
892 4315 992 4373 tibicen
1013 4324 1040 4372 ei
1053 4316 1168 4389 fidicen.

627 4413 701 4474 Cum
729 4417 877 4475 sacrificio
903 4418 1050 4475 secundae
1078 4416 1171 4474 noctis
1195 4416 1340 4492 imagines
1361 4418 1521 4473 concinunt
1541 4416 1572 4473 in
1592 4433 1639 4484 en,
1667 4414 1745 4490 quod

573 4516 605 4574 in
628 4526 750 4592 utroque
773 4538 893 4577 nummo
916 4520 1094 4578 sacrificinm
1116 4520 1150 4576 fit
1172 4519 1236 4576 eine
1258 4518 1394 4577 victimae
1416 4517 1633 4586 immnlnfionm
1661 4519 1745 4574 item·

573 4639 630 4696 qne
652 4619 771 4679 Tiberis
800 4622 970 4697 praesentia
997 4621 1026 4679 in
1056 4621 1155 4698 priore
1183 4623 1293 4696 optime
1321 4621 1473 4696 conspirat
1500 4638 1566 4677 cnm
1598 4620 1744 4678 sacrificio

500 4881 522 4945 ¹)
544 4881 708 4932 Ceredoniur
727 4880 804 4945 (Aen.
824 4881 850 4932 d.
865 4880 927 4933 Inri.
945 4884 1014 4934 1853
1033 4899 1058 4947 p.
1074 4883 1119 4945 27)
1138 4884 1204 4933 hanc
1222 4884 1330 4948 figurem
1350 4883 1435 4948 potius
1454 4882 1548 4933 Palatii
1565 4883 1670 4946 genium
1689 4896 1742 4931 esse

421 4982 494 5039 putat
508 4970 604 5041 percbb
622 4989 680 5024 eren
703 4990 753 5024 nnn
776 4970 932 5036 bedrniaic,
952 4992 993 5026 ma
1011 4974 1115 5036 cedente,
1136 4991 1257 5026 inance
1279 4968 1364 5025 ieme
1386 4981 1501 5024 cernente
1524 4990 1606 5040 acqua
1631 4971 1742 5035 [Tiberin

421 5069 476 5117 sine
496 5083 561 5117 urna
578 5075 619 5118 eet
637 5082 659 5117 e.
679 5083 705 5132 g.
725 5068 750 5117 in
771 5083 875 5117 nummo
895 5070 1022 5119 Antonini
1041 5068 1083 5119 Pii
1103 5068 1191 5118 Cohen
1212 5072 1274 5118 Ant.
1288 5085 1313 5118 n.
1329 5066 1393 5131 ⁸22]
1414 5104 1421 5117 .
1441 5104 1448 5116 .
1468 5102 1475 5116 .
1495 5064 1522 5116 Ii
1538 5068 1611 5132 yenin
1631 5066 1673 5116 deb
1690 5065 1740 5116 Pn-

420 5159 498 5210 latino
518 5157 578 5210 bene
596 5160 621 5208 ei
638 5157 751 5210 einrebbe
765 5176 855 5227 preire
874 5159 897 5210 il
915 5161 1001 5227 iempic
1021 5159 1050 5210 di
1068 5159 1161 5227 Apollo
1182 5158 1310 5210 Palatino.
1343 5157 1370 5209 Il
1393 5161 1480 5226 iempic
1505 5167 1581 5209 riecrc
1601 5157 1614 5209 i
1632 5159 1742 5209 nciennic

414 5245 454 5318 με’
477 5251 524 5302 duc
543 5253 600 5303 crini
608 5252 706 5319 jnriiyi
724 5270 738 5303 ο
758 5254 863 5321 ir'rnpani
880 5251 924 5303 ebe
943 5252 968 5302 lc
987 5260 1112 5304 mceirnnc
1131 5269 1196 5303 ccnre
1215 5252 1322 5320 duplice.
