3798 5910
601 563 654 614 An
681 563 777 614 acus
807 563 1008 614 aavamvu.
1391 544 1459 613 321

136 748 240 793 tamen
264 736 340 794 idem
364 746 482 794 secutus
505 735 721 793 Mommsenum
748 736 840 809 (apud
864 734 1036 794 Henzenum
1061 738 1200 795 relazioae
1230 757 1256 812 p.
1274 737 1327 810 51)
1353 738 1466 806 statuit,

137 838 283 895 columine
308 837 510 914 accipiendum
539 854 605 894 esse
628 837 664 894 de
690 837 792 913 templi
819 836 955 913 fastigio,
983 839 1108 912 ideoque
1131 839 1169 895 ibi
1194 850 1304 895 tantum
1328 838 1465 896 culminis

138 941 323 998 mentionem
356 942 419 998 fieri
453 940 603 1015 potuisse,
638 939 686 996 ubi
720 938 884 997 aedificium
917 958 1015 997 ueram
1048 943 1178 999 orientem
1211 941 1352 999 directum
1386 952 1467 998 esset

138 1041 247 1117 (quale
269 1054 316 1100 est
337 1042 478 1118 templum
502 1039 701 1112 Concordiae,
731 1060 795 1098 cum
819 1041 974 1098 Pantheon
997 1043 1138 1100 directum
1162 1044 1200 1099 sit
1228 1041 1265 1098 ad
1293 1043 1467 1118 septentrio·

140 1146 240 1218 nem),
271 1144 342 1202 mihi
366 1163 423 1201 non
446 1143 602 1220 persuasit.
654 1140 838 1201 Crediderim
866 1142 980 1201 culmen
1008 1145 1192 1201 referendum
1219 1162 1286 1201 esse
1313 1144 1349 1202 ad
1372 1164 1466 1202 sacer·

139 1247 242 1304 dotem
266 1247 362 1324 ipsum
386 1246 432 1317 (ut
453 1256 498 1303 est
525 1246 602 1320 apud
626 1244 887 1314 Livium1‚34‚9
911 1247 1019 1304 culmea
1040 1265 1176 1303 summum
1198 1245 1344 1319 hominia),
1372 1265 1466 1321 neque

140 1369 171 1406 re
197 1367 270 1407 vera
295 1348 408 1424 aliquid
435 1350 578 1406 interesse
604 1348 681 1405 inter
709 1346 872 1405 locutiones
894 1366 992 1406 uacua
1019 1351 1150 1406 orientem
1171 1356 1200 1405 et
1223 1349 1342 1406 culmine
1369 1367 1466 1406 vesus

138 1455 286 1509 orientem.

182 1551 226 1610 20
249 1572 329 1611 anno
352 1573 377 1629 p.
397 1550 431 1610 C.
448 1552 483 1610 21
509 1551 686 1610 sacrificium
710 1551 782 1609 deae
805 1551 881 1609 Diae
905 1571 963 1609 non
987 1553 1085 1624 fuisse,
1108 1552 1136 1609 id
1161 1554 1240 1629 quod
1261 1554 1467 1629 expectaveris

139 1655 307 1713 secundum
332 1672 459 1712 canones
481 1653 518 1710 ab
542 1652 683 1712 Henzeno
705 1654 748 1730 (p.
765 1653 797 1727 4)
818 1654 1003 1730 propositos,
1026 1653 1130 1712 diebus
1157 1654 1202 1711 17.
1226 1656 1271 1713 19.
1293 1655 1332 1712 ⁶20
1354 1656 1466 1713 mensis

141 1757 219 1829 Mai,
247 1757 300 1814 sed
323 1757 483 1831 postremis
505 1754 566 1813 lere
593 1755 650 1813 iam
678 1767 805 1814 constat.
853 1753 940 1814 Unde
969 1767 1046 1814 recte
1072 1756 1202 1814 fortasse
1227 1757 1393 1831 suspicatus
1422 1768 1467 1814 est

141 1859 223 1917 Hnla
247 1859 281 1932 (l.
298 1878 323 1916 c.
349 1878 376 1934 p.
393 1856 455 1932 26),
479 1874 594 1915 sacrum
619 1858 674 1915 hoa
697 1868 765 1915 ante
781 1855 838 1916 Gai
863 1867 987 1916 aetatem
1012 1878 1042 1915 rc
1064 1877 1136 1916 vera
1156 1858 1247 1916 fuisse
1270 1878 1327 1916 non
1348 1869 1466 1929 statum,

138 1961 194 2018 sed
217 1961 401 2018 indictivom.

142 2148 326 2157 ..-

1240 2166 1443 2176 -ι--.

421 2284 455 2345 C.
479 2285 646 2345 CAESAR
668 2283 890 2346 AVGVSTVS
914 2284 1191 2346 GERMANIGVS

758 2444 785 2481 a.
809 2423 856 2482 38.

130 2562 320 2621 —Frustolum
343 2562 425 2619 cuius
449 2561 564 2618 litteras
588 2561 792 2618 inclinavimus
815 2572 962 2635 repertum
980 2572 1047 2635 post
1062 2561 1182 2618 alterum
1207 2581 1233 2618 a.
1254 2561 1329 2618 1869
1352 2561 1467 2634 (itaque

139 2667 289 2722 «antissam
313 2665 391 2740 apud
415 2663 588 2720 Henzenum
613 2663 752 2721 relatione
779 2683 806 2739 p.
828 2662 860 2736 5)
887 2681 989 2721 rursus
1017 2664 1046 2720 in
1075 2681 1179 2721 nruseo
1206 2684 1223 2719 a
1250 2664 1332 2720 nobis
1360 2663 1469 2719 frustra

139 2768 313 2843 quaesitum
337 2775 397 2834 est3
422 2766 516 2822 locum
539 2766 580 2822 ita
602 2765 730 2822 restituit
752 2764 953 2823 Mommsenus
976 2767 1005 2820 ia
1030 2766 1115 2823 huius
1139 2764 1344 2841 Ephemeridis
1367 2763 1467 2822 vol.V

140 2889 169 2945 p.
192 2870 268 2927 158:

186 3004 278 3077 Quod
299 3006 398 3062 bouum
413 3007 548 3078 faustum
565 3006 641 3080 felia
654 3006 835 3078 sarcinatum
856 3003 1065 3080 saluuvreq(ue)
1087 3009 1124 3062 ait
1148 3003 1180 3060 C.
1208 3003 1328 3061 Caesari
1348 3005 1422 3078 Aua.

207 3106 383 3167 Germanico
405 3111 462 3182 ipsi
484 3105 712 3180 acroribuaq(ue)
728 3111 788 3165 eiua
808 3106 943 3183 p(opul0)
960 3106 1117 3180 R(omauo)
1135 3105 1293 3176 Quiritibus
1307 3107 1466 3180 fratribus-

208 3211 351 3284 miln'qae:
374 3210 548 3266 scandalum
571 3209 599 3263 in
624 3208 685 3265 luca
707 3210 843 3284 domoque
1229 3204 1289 3283 ique
1311 3206 1468 3264 Arvalibus

208 3310 243 3370 C.
269 3309 408 3369 Caesaris
431 3311 558 3385 Augusti
582 3308 752 3368 Germanici
771 3315 903 3386 mapistru'
924 3316 977 3368 erit
998 3354 1005 3367 .
1030 3355 1036 3367 .
1060 3355 1067 3368 .
1091 3353 1097 3366 .
1230 3293 1381 3299 ”m

716 3580 743 3617 a.
768 3560 899 3619 38-41.

879 3968 1031 4026 immolavit

506 4071 566 4127 lavi
590 4070 683 4127 lacem
704 4089 817 4139 marem,
840 4071 945 4127 Iunoni
964 4088 1089 4137 uaccam,

505 4173 652 4231 Mineruae
672 4191 796 4240 uaccam,
819 4170 916 4230 Saluti
934 4172 1066 4246 publicae
1084 4170 1126 4245 (i)

505 4294 635 4345 vaccam,
656 4274 803 4332 Felicitati
817 4273 859 4348 (i)
882 4292 947 4331 eac·

505 4396 579 4449 cam,
601 4380 687 4454 genia
709 4380 800 4451 ipsius
823 4385 945 4445 taurum,
967 4384 992 4433 et

505 4488 573 4537 ante
596 4478 734 4554 templum
756 4480 814 4536 diui
835 4479 959 4552 Aupuati
979 4497 1080 4535 nouum

503 4581 588 4638 divae
611 4580 762 4639 Drusillae
783 4583 876 4638 sorori
900 4578 1064 4638 Gennauici
1084 4579 1159 4651 Auq.

506 4702 635 4752 vaccam,
657 4687 721 4740 item
741 4683 857 4739 induce
878 4682 946 4761 depe

506 4785 581 4843 Diae
604 4826 797 4843 .......

190 4922 323 4980 Primum
348 4923 376 4977 in
401 4923 498 4996 lapide
522 4923 568 4979 tto
584 4922 726 4979 habemas
737 4920 836 4978 Divae
852 4919 1003 4977 Drusillae
1019 4940 1137 4978 nomeu:
1162 4921 1311 4977 andriam
1328 4921 1470 4978 tolluntur

150 5025 352 5083 dubitationes
374 5042 449 5098 quas
472 5025 564 5082 movit
586 5023 805 5081 Hirsclileldius
829 5021 939 5080 ll'ieaer
961 5024 1078 5080 Studien
1106 5026 1178 5080 last
1208 5044 1231 5098 p.
1252 5023 1319 5079 267.
1363 5021 1468 5095 Neque

149 5138 246 5184 tamen
277 5145 342 5182 cum
371 5125 561 5185 Gamurrinio
590 5126 644 5183 hoc
673 5125 868 5201 fragmentum
898 5125 934 5181 ad
963 5125 1060 5182 Divae
1091 5125 1243 5182 Drusillae
1272 5124 1396 5181 natalem
1431 5125 1468 5179 ab

150 5228 312 5286 Arvalibus
334 5228 512 5286 celebratum
537 5228 720 5286 referendum
743 5228 809 5285 esse
832 5227 1052 5284 affirmaverim.

193 5347 377 5406 Eruaunnts
398 5364 501 5407 aaran.
529 5364 599 5406 voa.
614 5348 696 5405 Vlll.
1205 5345 1241 5403 21
