3798 5910
480 456 552 526 342
1000 474 1287 526 incrusurum·

479 649 626 717 siverunt,
651 647 778 706 rotundo
801 648 852 705 illo
875 648 919 705 cui
942 656 1147 724 superstructa
1169 657 1215 704 est
1243 664 1314 703 casa
1340 647 1452 704 rustica
1479 648 1580 704 vineae
1603 643 1799 702 Cecearellio-

479 769 556 820 rum,
590 750 626 807 de
653 750 759 808 ceteris
787 749 823 807 ad
852 749 1063 828 Pellegrinium
1088 750 1216 807 lectores
1246 748 1394 805 remittere
1424 748 1495 807 satis
1521 749 1695 804 habuerunt.
1748 746 1796 803 Ex

478 850 678 909 Hennenianis
699 871 771 910 vero
793 852 924 926 pendent
944 851 1110 926 quicunque
1132 851 1179 909 his
1202 850 1313 908 ultimis
1334 850 1420 908 annis
1442 851 1478 907 de
1501 850 1662 908 Arvalibns
1683 869 1798 906 eorum·

476 972 534 1029 que
561 953 705 1012 aedificiis
733 953 822 1012 verba
849 953 988 1011 feceruut.
1034 953 1140 1028 ltaque
1163 970 1220 1010 non
1247 953 1301 1010 abs
1329 973 1360 1010 re
1385 952 1441 1010 erit
1468 952 1599 1010 locorum
1626 951 1664 1007 de
1691 951 1800 1025 quibus

476 1055 534 1113 iam
557 1074 679 1131 agemus
701 1055 944 1133 ichnographiam
961 1074 1126 1131 proponere
1147 1054 1324 1112 delineatam
1353 1052 1513 1111 secuudum
1540 1052 1650 1110 formas
1678 1052 1799 1128 publica

478 1160 652 1215 auctoritate
674 1157 824 1216 coniectes
847 1158 967 1216 maximi
991 1157 1148 1232 moduli¹).

558 1258 672 1317 Lucum
695 1261 784 1318 situm
804 1259 898 1318 fuisse
920 1260 956 1318 ad
980 1259 1147 1317 milliarium
1171 1258 1304 1334 quintum
1328 1259 1393 1316 viae
1416 1254 1589 1333 Campanae
1611 1259 1647 1314 ab
1672 1270 1798 1330 utroque

477 1359 569 1418 latere
593 1362 657 1418 viae
679 1380 755 1438 quae
777 1380 855 1420 nunc
876 1371 923 1420 est
950 1361 1027 1420 della
1049 1360 1204 1435 Maplinnc
1229 1361 1305 1418 inter
1332 1377 1434 1418 omnes
1462 1367 1592 1429 coustat3
1620 1377 1710 1434 quam
1737 1359 1798 1415 late

477 1463 664 1537 pertinuerit,
691 1465 853 1540 quaeritur.
902 1461 1139 1539 Septentrionem
1163 1480 1268 1521 versus
1290 1479 1384 1537 usque
1410 1462 1439 1518 in
1462 1461 1627 1519 convallem
1649 1480 1725 1537 quae
1751 1472 1799 1516 est

476 1583 553 1639 pone
580 1567 788 1624 coemeterium
815 1564 986 1625 Generosae
1012 1565 1141 1641 patuerit
1169 1582 1291 1623 necesse
1317 1575 1375 1622 est:
1409 1583 1489 1621 aram
1519 1565 1595 1621 euim
1623 1564 1652 1620 in
1679 1581 1799 1620 summo

476 1666 552 1723 colle
579 1677 725 1742 repertam
753 1687 829 1744 quae
855 1668 961 1743 anguis
987 1642 1084 1743 ligura
1112 1667 1239 1744 insignis
1267 1674 1314 1724 est
1341 1674 1441 1742 utpote
1466 1667 1553 1741 genio
1575 1665 1630 1723 loci
1658 1683 1744 1723 sacra
1768 1665 1798 1719 iu

476 1770 573 1827 medio
596 1770 663 1827 luco
684 1770 814 1847 positam
838 1771 931 1828 inisse
953 1769 1147 1846 probabiliter
1169 1768 1274 1826 statuit
1294 1767 1432 1826 Russius.
1483 1765 1672 1827 Occidentem
1694 1783 1798 1822 versus

477 1871 553 1929 ultra
568 1872 671 1929 vineae
688 1870 937 1930 Ceccarelliorum
955 1872 1029 1930 lines
1044 1871 1163 1947 prodire
1180 1872 1231 1928 vix
1248 1870 1355 1940 licebit,
1378 1871 1518 1946 quoniam
1539 1870 1672 1945 sepulcra
1690 1868 1798 1925 aetatis

476 1974 548 2030 satis
570 1974 708 2050 antiquae
730 1984 848 2049 reperta
870 1982 939 2032 sunt
960 1974 989 2032 in
1016 1974 1072 2030 hac
1093 1974 1159 2048 ipsa
1174 1972 1262 2031 vinea
1282 1982 1311 2030 et
1327 1973 1424 2030 vicina
1438 1971 1663 2029 Molinariorum
1686 1970 1798 2045 (Pelle-

474 2076 550 2151 grini
567 2075 647 2133 Bull.
664 2074 734 2134 dell'
751 2075 824 2133 Istit.
852 2076 929 2135 1858
952 2096 980 2153 p.
997 2074 1100 2149 5-7).
1138 2074 1289 2133 Meridienr
1305 2082 1335 2131 et
1349 2073 1480 2131 Tiberim
1498 2090 1601 2130 versus
1623 2091 1682 2147 quo
1705 2091 1798 2147 usqne

475 2178 656 2253 pervenerit,
684 2177 839 2235 diiudicari
868 2179 976 2253 poterit
1002 2179 1027 2236 si
1056 2176 1174 2253 quando
1200 2175 1237 2233 de
1266 2177 1331 2233 riae
1357 2174 1526 2251 Campanae
1552 2175 1641 2233 ductu
1670 2176 1800 2232 certiora

475 2279 570 2338 edocti
594 2278 756 2354 erimus²):
780 2280 921 2338 orientem
939 2297 1041 2337 uersus
1058 2279 1136 2336 ultra
1151 2278 1257 2335 vallem
1273 2296 1349 2353 quae
1369 2276 1465 2335 rivulo
1488 2278 1577 2335 Fosso
1599 2278 1630 2333 di
1649 2277 1798 2351 Affopnln·

477 2385 539 2439 sino
562 2381 639 2439 dicto
662 2382 802 2457 irrigatur
822 2383 956 2459 patuisse
979 2400 1037 2439 non
1059 2380 1243 2439 crediderim.

559 2485 639 2559 Ager
660 2485 707 2541 his
729 2485 837 2542 finibus
859 2484 1092 2561 comprehensus
1113 2502 1192 2541 nunc
1207 2482 1268 2540 fere
1282 2493 1444 2557 occupatur
1460 2483 1554 2540 vineis
1570 2481 1697 2541 duabus:
1721 2483 1799 2539 inter

476 2585 550 2642 viam
575 2595 721 2643 recentem
743 2598 773 2645 et
794 2587 888 2645 colles
910 2598 956 2644 est
978 2587 1064 2643 vinea
1085 2585 1155 2643 olim
1178 2585 1301 2643 fratrum
1325 2583 1586 2653 Csccarelliorum‚
1615 2602 1692 2642 nunc
1714 2584 1797 2641 Iaco-
1881 2578 1882 2653 J

476 2686 547 2760 bini,
569 2687 762 2746 celeberrima
780 2689 908 2747 inventis
924 2688 1089 2746 tabularum
1105 2688 1237 2763 reliquiis
1254 2687 1402 2762 plurimis3
1425 2705 1444 2743 a
1459 2686 1579 2744 meridie
1595 2687 1670 2756 viae,
1693 2685 1728 2741 ad
1744 2686 1798 2743 Ti·
1881 2670 1882 2747 l

475 2788 567 2845 herim
592 2806 685 2865 usqne
705 2792 874 2849 extenditur
890 2790 975 2848 vinea
989 2790 1137 2865 quondam
1156 2788 1297 2865 Stephani
1313 2787 1487 2847 Ceccarellii
1508 2788 1729 2865 nuchignoli.
1764 2788 1797 2845 ln
1881 2778 1882 2823 l

476 2892 562 2948 vinea
582 2891 639 2949 hac
660 2911 752 2967 supra
774 2893 869 2951 solnm
892 2892 989 2949 adhuc
1011 2893 1142 2949 eminent
1163 2892 1270 2948 rudera
1292 2890 1416 2948 aedificii
1440 2892 1539 2968 magni
1559 2911 1596 2949 ex
1619 2910 1709 2968 opere
1725 2891 1797 2947 late
1881 2908 1882 2971 p

475 2992 547 3048 ricio
569 2995 725 3070 compositi
748 2994 827 3069 quod
850 2994 1001 3052 saeculum
1025 2992 1185 3051 secundum
1210 3012 1280 3069 prae
1300 3010 1332 3049 se
1355 2993 1412 3050 fert
1426 2992 1472 3049 vel
1496 2993 1624 3051 tertium.
1663 2992 1797 3049 Parietes
1881 2994 1882 2999 ’

475 3096 572 3151 ornati
596 3106 665 3153 suut
685 3095 828 3154 aediculis
851 3096 1060 3154 semirotundis
1083 3095 1300 3171 compluribus=
1327 3095 1426 3153 domui
1449 3104 1509 3151 aut
1523 3096 1612 3153 villae
1634 3095 1721 3151 alicui
1745 3113 1797 3151 eos
1881 3086 1882 3159 ᾗ

476 3195 700 3267 adiudicaveris‚
723 3198 758 3254 ad
778 3198 880 3256 aedem
897 3216 1012 3255 sacram
1031 3198 1207 3272 pertinuisse
1223 3198 1384 3275 negaveris.
1419 3196 1622 3272 Tetrastylum
1640 3198 1797 3254 Arvalium
1881 3216 1882 3269 j

475 3299 505 3355 id
526 3316 595 3356 esse
616 3300 768 3358 contendit
789 3300 1004 3377 Pellegrinius‚
1032 3312 1109 3357 recte
1132 3300 1273 3371 fortasse;
1301 3318 1339 3357 ex
1362 3298 1574 3375 ichnographia
1600 3301 1637 3356 ab
1664 3318 1701 3357 eo
1729 3318 1797 3374 pro·
1881 3288 1882 3297 ¹

476 3401 574 3474 posita
596 3402 632 3459 de
655 3402 749 3459 forma
771 3402 896 3460 aedificii
919 3421 1018 3460 rernm
1041 3400 1166 3458 divinari
1189 3402 1240 3458 vix
1263 3410 1372 3477 potest,
1398 3400 1449 3458 sed
1471 3402 1600 3459 certiora
1622 3418 1712 3477 spero
1733 3401 1796 3457 iore
1881 3416 1882 3471 j

553 3685 575 3747 ¹)
595 3686 732 3748 Kiepertns
751 3687 777 3735 in
797 3686 881 3735 forma
900 3688 1003 3751 egregia
1024 3684 1102 3736 Curta
1126 3687 1283 3753 coropruficc
1306 3693 1330 3737 et
1352 3684 1527 3752 necheolnps'cn
1551 3679 1615 3737 dell’
1637 3684 1718 3736 Italia
1741 3704 1794 3737 een·

475 3776 548 3837 trule,
568 3778 736 3827 similitudine
756 3780 866 3828 nominis
890 3779 1011 3842 deceptus
1034 3780 1118 3828 lucum
1143 3780 1253 3844 signavit
1276 3780 1302 3827 in
1327 3780 1408 3830 altera
1431 3780 1506 3828 vinea
1525 3779 1739 3829 Geccsrelliorum
1763 3781 1793 3829 sd

474 3870 622 3918 milliarium
642 3869 696 3919 fere
715 3876 845 3935 quartum3
874 3871 966 3920 rectius
985 3872 1017 3920 de
1036 3870 1110 3921 Rossi
1130 3872 1156 3919 iu
1176 3870 1263 3920 tabula
1281 3871 1382 3921 adiecta
1400 3872 1557 3921 enarrationi
1576 3874 1724 3922 coemeterii
1744 3872 1792 3923 Ge

474 3975 590 4023 nemeae,
609 3960 641 4011 R.
657 3958 685 4011 S.
705 3963 756 4011 vol.
770 3962 821 4012 111.

549 4050 573 4116 ²)
598 4054 753 4104 Lanciauius
782 4054 916 4115 (relacione
940 4073 964 4120 p.
987 4056 1048 4118 106)
1077 4064 1144 4105 recte
1172 4056 1227 4105 sine
1254 4055 1332 4105 dubio
1358 4057 1489 4105 contendit
1513 4057 1579 4106 viam
1603 4058 1725 4106 transisse
1748 4056 1791 4106 sub

473 4146 538 4195 colle
559 4146 628 4195 dicto
647 4144 732 4196 Monte
751 4145 816 4197 delle
834 4147 925 4198 Pielie:
954 4149 1029 4198 valde
1053 4147 1220 4212 probabiliter
1243 4149 1331 4198 statuit
1349 4150 1416 4197 viam
1441 4150 1512 4197 cuius
1534 4149 1619 4198 silices
1637 4150 1670 4199 ad
1696 4157 1790 4212 portam

474 4239 563 4287 vineae
582 4238 795 4289 Ceccarslliorum
815 4242 909 4305 reperti
929 4248 996 4301 suut,
1016 4256 1068 4290 uon
1089 4239 1166 4290 fuisse
1182 4240 1340 4303 Campanam
1361 4242 1451 4305 ipsam,
1471 4241 1515 4289 ssd
1534 4240 1713 4291 diverticulum
1731 4244 1790 4291 eiua

472 4331 562 4394 Neque
586 4338 671 4381 tamen
697 4333 814 4382 assentiri
838 4348 940 4398 possum
965 4334 1022 4383 viro
1048 4333 1195 4383 doctissimo
1220 4349 1275 4382 cnm
1305 4333 1341 4381 ita
1365 4335 1461 4397 pergit:
1495 4332 1521 4382 ln
1547 4330 1676 4400 Campana
1699 4332 1791 4383 dormo

472 4424 570 4488 require
588 4423 611 4472 il
629 4423 706 4489 ciplio
725 4423 790 4474 delle
809 4425 899 4475 colline
913 4424 1122 4492 parallelmuente
1141 4424 1196 4474 ullu
1213 4424 1332 4474 moderna
1349 4424 1440 4474 strada
1462 4424 1491 4473 di
1507 4423 1664 4483 Fiumr'cino‚·
1689 4425 1791 4476 lnddore

473 4514 500 4562 la
519 4512 655 4565 Portuenae
674 4532 723 4566 non
742 4519 766 4565 si
783 4516 928 4567 disco-staca
947 4516 1017 4567 dalle
1034 4518 1091 4584 ripe
1110 4515 1152 4566 det
1174 4515 1271 4577 Tenere,
1293 4533 1358 4567 conse
1376 4510 1476 4567 d’ultra
1489 4525 1566 4584 parte
1585 4534 1612 4567 ce
1631 4534 1662 4567 ne
1680 4520 1791 4568 muitum

472 4604 608 4673 Procopio.
650 4608 756 4659 Frustra
773 4611 840 4659 enim
860 4609 904 4658 ubi
921 4610 1063 4674 Procopius
1082 4610 1108 4658 id
1127 4612 1255 4674 expressis
1275 4610 1358 4659 verbis
1377 4618 1482 4660 testetur
1499 4610 1625 4674 quaesivi:
1646 4619 1670 4659 et
1690 4613 1716 4661 in
1735 4614 1789 4661 uni·

473 4713 572 4748 versum
593 4701 636 4750 via
657 4702 835 4766 antiquissima
855 4702 989 4766 Campana
1013 4701 1095 4763 (cuius
1118 4717 1211 4752 nomen
1236 4703 1338 4751 ducmm
1362 4717 1417 4752 esse
1441 4718 1457 4752 a
1477 4702 1574 4766 Campo
1595 4703 1740 4755 Salinarum
1766 4706 1790 4754 in

472 4792 556 4841 littore
576 4794 653 4842 maris
672 4808 752 4856 prope
771 4794 918 4844 Maccarese
942 4796 1004 4856 sito,
1030 4810 1081 4859 quo
1101 4796 1161 4843 olim
1181 4796 1325 4856 finiebatur,
1350 4793 1482 4845 observari
1507 4792 1608 4844 Notirie
1631 4794 1702 4861 clepit
1723 4800 1792 4846 scari

474 4886 542 4934 1888
562 4901 587 4949 p.
603 4884 666 4945 229)
685 4885 823 4934 secundum
844 4885 936 4937 flumen
957 4887 1034 4952 plano
1054 4887 1144 4936 itinere
1163 4888 1307 4952 perrexisse
1326 4888 1453 4937 credenda
1472 4896 1516 4947 est,
1542 4888 1690 4938 Portnensis
1709 4898 1790 4938 aetate

471 4976 551 5025 multo
571 4978 712 5040 posteriore
730 4986 799 5027 recto
823 4978 877 5028 fere
901 4981 1001 5029 tramite
1025 4995 1070 5043 per
1094 4980 1203 5029 declivia
1226 4982 1352 5029 montium
1376 4980 1453 5029 ducta
1475 4994 1538 5028 esse.
1583 4979 1791 5044 Coniungehamr

471 5075 577 5132 utraque
596 5084 657 5129 uon,
677 5076 706 5118 ut
724 5071 855 5119 contendit
868 5072 1032 5133 Lancianins,
1053 5084 1131 5136 prope
1151 5072 1237 5121 villam
1259 5071 1286 5120 ln
1299 5070 1444 5137 Maplinnn,
1464 5072 1507 5120 sed
1526 5074 1558 5120 ad
1573 5074 1722 5122 milliarium
1739 5075 1790 5123 fere

470 5160 596 5210 decimum
616 5176 696 5226 prope
716 5160 795 5212 Ponte
815 5161 917 5213 Galeru.
