3816 5912
548 1128 757 1191 LVDORVM
784 1129 969 1195 AVGVSTI
997 1128 1297 1192 SAECVLARIVM
1323 1131 1467 1193 ORIGO.

428 1337 530 1397 Ludos
552 1338 718 1398 saeculares
744 1339 903 1399 celebravit
924 1342 1091 1416 Augustus,
1118 1347 1152 1396 ut
1177 1337 1434 1414 supradiximus,
1464 1341 1671 1417 obtemperans

346 1442 469 1500 carmini
493 1438 641 1518 Sibyllino
663 1440 742 1517 quod
764 1451 861 1514 extat3
891 1442 922 1501 id
944 1441 1064 1519 quando
1086 1440 1196 1499 editum
1219 1440 1258 1499 sit
1278 1448 1309 1500 et
1329 1461 1388 1519 quo
1410 1452 1525 1520 spectet
1545 1444 1672 1520 primum

346 1542 555 1620 explicandum
582 1552 636 1602 est
679 1544 824 1602 Traditur
848 1543 927 1620 apud
949 1544 1145 1621 Phlegontcm
1174 1544 1339 1602 macrob.4
1364 1555 1394 1602 et
1418 1544 1487 1603 iude
1513 1545 1671 1623 repetitum

346 1647 424 1724 apud
446 1646 598 1706 Zosimum
618 1645 646 1719 2,
663 1646 691 1704 6.
725 1646 919 1723 Phlegontem
943 1647 1076 1705 carmina
1097 1647 1155 1704 duo
1177 1646 1214 1703 de
1235 1645 1381 1723 longaeva
1395 1643 1522 1724 Sibylla,
1544 1665 1670 1724 quorum

345 1751 402 1808 hoc
422 1768 511 1807 unum
534 1756 590 1819 est,
611 1749 755 1821 adlatum,
777 1759 810 1807 ut
830 1750 1049 1808 demonstratur
1070 1748 1160 1824 «γενεᾷ
1182 1745 1327 1825 Sibyllam
1350 1750 1519 1828 significare
1541 1750 1670 1826 spatium

345 1870 488 1912 annorum
511 1847 580 1923 CX,
606 1853 675 1909 item
702 1853 821 1910 tertium
848 1851 885 1909 de
906 1851 1079 1929 androgyno
1105 1852 1231 1909 relatum
1259 1851 1290 1909 in
1316 1852 1502 1912 mirabilibus
1512 1851 1541 1928 1)
1568 1862 1670 1930 aperte

345 1974 382 2013 ex
404 1953 506 2013 eodem
529 1962 650 2012 auctore
671 1963 820 2031 sumptum
846 1973 906 2013 uon
927 1973 966 2013 ex
988 1953 1144 2012 annalibus
1168 1954 1298 2012 traxisse
1319 1953 1449 2013 dubitari
1474 1972 1533 2013 non
1560 1963 1670 2030 potest,

344 2076 409 2115 cum
432 2056 584 2115 tradantur
597 2056 694 2115 forma
714 2056 866 2133 primitiva
881 2055 1013 2126 Graeca3
1036 2055 1166 2146 undeuea
1181 2056 1314 2128 traxerit,
1337 2057 1497 2133 quaeritur.
1531 2056 1571 2115 Et
1585 2056 1668 2115 Diel-

344 2159 407 2218 sius
429 2159 547 2236 quidem
570 2158 600 2216 iu
623 2160 743 2235 egregio
765 2160 977 2218 commentario
998 2178 1093 2235 nuper
1114 2157 1195 2217 edito
1217 2159 1267 2236 qui
1288 2159 1458 2218 inscribitur
1478 2157 1669 2235 sibylliniscbc

343 2260 457 2320 Bldtter
478 2260 623 2336 (Berolini
644 2261 738 2337 1890)
759 2282 789 2338 p.
805 2261 845 2319 24
867 2279 903 2319 ea
924 2259 1035 2320 iudicat
1056 2260 1204 2336 proficisci
1225 2280 1265 2319 ex
1286 2261 1413 2319 historia
1426 2260 1591 2321 Posidonii.
1626 2264 1669 2320 At

343 2363 432 2440 longe
454 2364 639 2440 probabilius
656 2363 905 2422 Wilamowitaius
927 2363 1081 2422 existimat
1102 2372 1131 2420 et
1153 2362 1210 2420 tria
1230 2363 1284 2420 illa
1298 2362 1432 2421 earmina
1453 2373 1482 2420 et
1503 2382 1579 2440 quae
1602 2383 1667 2422 cum

344 2466 430 2524 tertio
457 2467 632 2526 coniunctae
658 2477 728 2525 sunt
752 2466 937 2543 narrationes
965 2466 1001 2523 de
1027 2464 1211 2542 androgyuie
1239 2465 1306 2524 aliis
1332 2465 1369 2523 ir.
1393 2465 1525 2525 33-38
1552 2475 1582 2524 et
1608 2466 1668 2524 elia

343 2570 432 2647 plura
457 2569 505 2627 hie
532 2569 706 2628 tractatibus
730 2569 844 2627 inserta
866 2575 986 2646 sumpta
1007 2585 1075 2627 esse
1101 2586 1140 2625 ex
1163 2565 1273 2626 Graeci
1299 2567 1455 2625 cuiusdam
1478 2567 1667 2627 collectaneis

342 2771 461 2849 niusl).
503 2771 579 2832 Utut
599 2783 659 2846 est,
685 2773 806 2832 oracula
826 2772 881 2832 illa
902 2783 934 2831 ut
956 2772 1019 2830 sine
1043 2772 1134 2829 dubio
1164 2770 1286 2830 redeunt
1307 2770 1344 2829 ad
1364 2780 1515 2867 auctorem
1539 2771 1665 2848 aliquem

342 2876 496 2948 idoneum,
528 2876 572 2934 ita
596 2876 681 2935 cuius
707 2876 814 2936 aetatis
841 2876 901 2934 siut
925 2893 965 2932 ex
990 2873 1066 2951 ipsis
1097 2874 1299 2932 tautummodo
1326 2873 1516 2932 determinari
1545 2875 1665 2951 poterit.

341 2978 651 3055 Hermaphroditicum
673 2978 721 3037 rel
744 2978 842 3056 potius
863 2975 1146 3053 Hermaphroditica
1165 2975 1224 3034 duo
1239 2975 1376 3035 Dielsius
1398 2975 1513 3034 rettulit
1533 2974 1571 3033 ad
1593 2984 1664 3034 tem·

341 3099 416 3158 pora
436 3080 507 3140 belli
520 3079 712 3140 Hannibalici
734 3080 901 3139 rationibus
922 3096 994 3138 usus
1017 3077 1162 3156 speciosis
1183 3079 1279 3156 magis
1296 3096 1386 3154 quam
1401 3076 1535 3154 verisl);
1557 3078 1614 3136 hoc
1629 3079 1665 3136 de

342 3202 401 3261 quo
421 3182 507 3243 nobis
529 3183 746 3260 agendumst,
768 3192 798 3241 et
819 3182 1031 3241 sententiarum
1053 3180 1170 3259 argutia
1192 3188 1221 3238 et
1242 3180 1362 3256 linguae
1383 3181 1528 3257 metuique
1549 3180 1665 3256 elegan-

342 3286 385 3345 tia
404 3285 457 3344 illo
479 3286 568 3364 longe
590 3283 828 3365 praestantiusl)
850 3284 987 3361 Phlegon
1006 3283 1109 3342 scribit
1128 3284 1183 3340 suiv
1201 3272 1366 3361 συμμάχων
1388 3270 1548 3341 αὐτῶνκαὶ
1570 3305 1662 3340 κοινο-

418 3666 441 3730 ¹)
468 3668 512 3718 Fr.
526 3666 561 3717 ³9
580 3667 653 3717 Mill.
686 3667 726 3717 De
746 3666 878 3717 consulatu
896 3667 934 3717 ite
950 3666 977 3715 in
997 3664 1084 3715 codice
1103 3665 1212 3729 scripto:
1232 3652 1335 3733 lddpaco
1354 3658 1488 3715 Πλαυτίου
1506 3661 1548 3714 καὶ
1566 3660 1664 3731 Σέξτου

341 3751 481 3829 Κορμινῖοο
496 3750 605 3823 ’Ὑψαίου
623 3752 665 3808 καὶ
683 3748 787 3827 Melpum
806 3752 937 3819 Φουλβίου
956 3757 988 3808 0.
1007 3757 1155 3808 Hirschfeld
1178 3764 1203 3807 et
1221 3756 1295 3807 Diels
1312 3758 1330 3806 l.
1343 3774 1364 3807 c.
1384 3758 1441 3825 p.·3
1464 3764 1571 3807 eatenus
1594 3766 1663 3810 recte

340 3854 523 3915 iudicaverunt,
544 3852 612 3917 quod
631 3852 709 3903 verba
726 3848 823 3918 Σέξτου
842 3844 982 3918 chpoioo
1002 3850 1120 3900 viderunt
1139 3864 1195 3900 esse
1213 3850 1271 3900 loco
1291 3856 1361 3900 mota
1380 3857 1406 3900 et
1423 3851 1560 3902 inserenda
1579 3854 1663 3903 verbis

341 3961 406 4011 quae
430 3945 586 4011 praecedunt
608 3944 781 4010 spectantibus
806 3944 840 3995 ad
864 3943 981 3994 consules
1004 3944 1065 3993 anni
1086 3943 1151 3993 116:
1177 3936 1286 3992 Λουκίου
1304 3938 1393 4011 Aspia
1416 3940 1456 3991 acl
1475 3941 1599 3994 Αὶλιονοῧ
1622 3943 1663 3995 acl

341 4033 478 4105 Ου’έτορος,
499 4038 590 4088 sedin
610 4051 640 4087 eo
660 4044 817 4098 erraverunt,
837 4036 906 4102 quod
925 4036 1049 4099 collegam
1069 4036 1099 4085 L.
1118 4035 1224 4085 Lamiae
1244 4035 1348 4086 Aeliani
1368 4036 1531 4087 crediderunt
1550 4038 1662 4103 appella·

340 4138 394 4180 tum
413 4144 468 4181 esse
485 4130 515 4180 L.
530 4129 672 4180 Antistium
684 4131 817 4180 Veterem:
836 4129 917 4179 immo
935 4129 1039 4193 plenum
1059 4141 1154 4177 nomen
1173 4127 1227 4177 eius
1245 4142 1328 4192 nuper
1342 4130 1473 4179 inventum
1492 4129 1520 4179 iu
1534 4128 1610 4180 titulo
1629 4144 1662 4179 er

340 4223 429 4273 cmtria
453 4223 565 4287 equitum
590 4222 756 4287 singularium
780 4223 808 4271 in
827 4221 889 4271 urbe
913 4221 1047 4271 eruderato
1073 4215 1449 4285 (Florelllth.de91iecoei
1469 4221 1538 4271 1885
1558 4237 1583 4285 p.
1599 4221 1661 4283 tte)

339 4315 423 4379 ipsum
442 4322 480 4364 est
499 4314 566 4379 quod
585 4314 724 4380 requiritur
744 4312 802 4364 Sex.
820 4310 961 4364 Carminius
978 4308 1061 4363 Vetus.

416 4405 440 4469 π)
469 4405 630 4471 Intellegimr
652 4407 723 4456 locus
746 4407 801 4456 eius
827 4406 860 4455 de
884 4406 1015 4471 longaevis
1039 4406 1064 4467 l,
1084 4405 1133 4466 48,
1155 4402 1206 4453 153
1227 4428 1260 4438 -
1281 4418 1302 4453 c
1323 4403 1371 4467 50,
1393 4405 1453 4455 ret.
1493 4404 1661 4456 Communem

340 4508 469 4551 auctorem
486 4499 600 4564 produnt
617 4499 736 4564 inprimis
754 4513 820 4564 quae
839 4506 865 4547 et
882 4497 983 4549 Plinius
1002 4504 1026 4546 et
1045 4496 1162 4560 Phlegon
1181 4495 1291 4546 afferunt
1309 4497 1341 4545 de
1354 4497 1535 4561 Arganthonio
1554 4498 1661 4548 laudan-

339 4600 377 4641 tes
395 4598 500 4657 uterque
520 4593 724 4652 Anacreontem,
749 4598 774 4640 et
793 4606 858 4656 quae
876 4591 1004 4655 excerpsit
1025 4596 1132 4654 uterque
1155 4602 1188 4638 ex
1207 4587 1300 4639 tabulis
1318 4590 1441 4639 censoriis
1460 4590 1550 4640 aetatis
1565 4591 1662 4655 Vespa·

340 4685 437 4735 sienae.

416 4773 441 4838 8)
469 4777 511 4827 De
533 4776 582 4830 hac
604 4778 753 4842 quaestione
776 4776 849 4841 gravi
873 4782 898 4824 et
923 4773 1023 4825 difficili
1047 4773 1097 4824 hoc
1120 4775 1177 4825 loco
1202 4774 1332 4838 disputare
1357 4775 1432 4824 uolo:
1456 4782 1573 4824 ostreum
1591 4761 1662 4842 Τρῶς

340 4860 396 4932 δῆτ’
408 4855 506 4918 lairico
531 4885 560 4917 σι
579 4865 662 4931 κακῶν,
687 4851 738 4938 ripa
762 4860 788 4916 δ’
805 4858 936 4924 Ἑλλάδος
961 4863 985 4915 ἐκ
1006 4864 1050 4933 γῆς
1069 4868 1112 4932 qui
1131 4867 1207 4932 legit,
1233 4881 1286 4916 nou
1309 4867 1403 4932 poterit
1424 4881 1478 4917 nou
1497 4868 1610 4932 cogitare
1629 4866 1661 4916 de

340 4961 470 5012 Troianae
486 4962 570 5026 gentis
589 4962 644 5011 viro
664 4976 696 5011 ex
715 4961 823 5011 Hellade
842 4961 982 5010 adventure
1002 4960 1035 5009 ad
1054 4959 1161 5009 salutem
1180 4959 1217 5009 rei
1239 4959 1357 5023 publicae
1376 4966 1560 5024 conquassatae
1578 4958 1660 5009 leren-

340 5053 400 5104 dam
419 5060 445 5103 et
462 5053 599 5118 significari
618 5052 706 5104 Sullae
724 5053 833 5103 reditum
853 5067 886 5103 ex
905 5052 1020 5117 partibus
1039 5052 1154 5101 orientia.

415 5144 440 5207 ⁴)
468 5146 594 5196 Iudicium
614 5146 662 5196 hoc
682 5154 720 5195 est
733 5144 938 5195 Wilsmowitzii.
968 5144 1042 5196 Idem
1060 5145 1222 5195 monetali
1241 5144 1404 5195 scribendum
1417 5157 1486 5194 esse:
1506 5140 1657 5210 μομνῆσθοι,

339 5229 454 5307 Ῥωμαῖε,
474 5235 514 5288 sal
533 5235 556 5287 sl
574 5225 645 5306 pullu
662 5227 754 5302 λήσοοι
773 5223 847 5295 αὐτὸς
865 5243 891 5288 et
909 5236 959 5289 hoc
978 5236 1116 5303 significari
1134 5236 1233 5288 nullum
1251 5237 1354 5303 quidem
1369 5235 1515 5289 Romanum
1533 5236 1659 5287 eiusmodi
