3746 5912
847 554 1126 603 msTRVMENTvm
1152 551 1381 601 nomnsmcvm

1031 758 1046 799 e
1069 741 1170 798 locum
1191 739 1305 798 indicet
1327 737 1381 797 ubi
1402 736 1544 796 lammina
1560 756 1633 796 oum
1649 732 1781 793 brachio

1073 843 1266 921 coniungitur
1292 864 1345 921 per
1374 842 1564 921 uehiculum,
1593 861 1680 917 quae
1704 840 1782 898 lam-

1071 948 1171 1008 minae
1193 948 1288 1007 infixa
1309 953 1356 1007 est
1376 945 1471 1006 olevit
1493 946 1613 1007 duobus
1639 963 1664 1003 a
1681 963 1725 1002 a.

1031 1071 1050 1114 c
1071 1054 1172 1113 lotum
1193 1051 1308 1111 indicat
1329 1051 1453 1110 alterius
1480 1050 1666 1129 nubiculae,
1703 1069 1781 1123 quae

1073 1157 1248 1216 lamminam
1276 1155 1415 1216 bracchio
1447 1154 1560 1234 iungit,
1591 1175 1632 1213 ex
1670 1154 1781 1212 eodem

1076 1282 1143 1322 aere
1166 1263 1261 1321 factae
1284 1268 1373 1336 atque
1395 1260 1540 1320 lammina
1562 1259 1643 1336 ipsa,

992 1370 1065 1426 Pars
1087 1365 1204 1443 postica
1226 1364 1348 1424 omnino
1369 1384 1464 1424 vacua
1484 1372 1539 1423 est.

1076 1469 1186 1548 Figura
1211 1476 1315 1529 nostra
1337 1467 1410 1529 satis
1433 1473 1602 1528 aoouratam
1626 1464 1778 1539 trutinae,

991 1595 1067 1651 quae
1080 1582 1191 1634 statua
1201 1567 1349 1654 dieitur¹)‚
1363 1572 1494 1649 speciem
1505 1571 1641 1650 praebet.
1668 1567 1778 1628 Omnis

990 1679 1106 1738 metelli
1121 1697 1228 1757 massa,
1246 1698 1322 1753 quae
1338 1677 1417 1736 inter
1431 1675 1462 1734 A
1476 1683 1506 1737 et
1522 1679 1549 1736 B
1572 1673 1776 1753 conspicitur,

990 1783 1096 1860 iugum
1122 1783 1186 1842 sive
1214 1779 1368 1861 soapum’)
1396 1781 1527 1841 trutinae
1555 1784 1776 1858 repraesentat

991 1889 1041 1947 Ad
1070 1886 1299 1963 prominentiam
1328 1885 1411 1945 denti
1441 1885 1571 1944 similem
1594 1883 1625 1943 0
1642 1884 1698 1943 vel
1721 1882 1777 1940 alio

990 1992 1058 2051 loeo
1086 1991 1166 2051 iuter
1189 1991 1216 2050 0
1240 1997 1270 2049 et
1298 1989 1338 2069 0,
1370 1990 1424 2049 sed
1446 2010 1482 2049 eo
1509 2010 1571 2049 non
1598 1989 1777 2047 muitnma

881 3952 936 4021 ⁰²3
995 3918 1022 3977 0
1046 3917 1190 3995 distante,
1227 3916 1299 3975 olim
1327 3912 1429 3994 ansa³)
1459 3916 1550 3974 affixa
1579 3913 1655 3995 fuit,
1687 3916 1764 3974 unde

881 4061 899 4087 t
920 4025 934 4053 ⁶
992 4022 1106 4081 trutina
1127 4021 1171 4080 ita
1197 4020 1359 4100 pendebat,
1388 4027 1424 4079 ut
1446 4018 1527 4097 scapi
1548 4026 1678 4096 utraque
1700 4039 1764 4098 pars

749 4116 796 4144 ²²
814 4110 852 4151 '“'
881 4181 900 4205 ο
921 4153 936 4179 ο
992 4127 1058 4186 sino
1085 4126 1148 4186 ulla
1174 4125 1313 4184 frictione
1340 4143 1460 4184 sursum
1486 4125 1627 4184 deorsum
1652 4123 1763 4184 moveri

881 4418 900 4442 ο
1064 4384 1081 4447 ¹)
1107 4381 1214 4437 Vitrur.
1242 4379 1276 4435 de
1302 4378 1397 4458 erodit
1425 4378 1467 4434 ed
1494 4378 1571 4434 Rose
1597 4384 1626 4433 et
1651 4377 1762 4433 Mulier·

881 4473 899 4513 Ξ
993 4466 1126 4538 Strobing
1146 4467 1173 4522 X
1190 4471 1214 4537 8,
1232 4471 1256 4521 4.
1296 4465 1426 4522 Proxime
1451 4464 1592 4537 seripturis
1617 4465 1702 4521 verba
1726 4464 1762 4519 sir

880 4541 900 4636 Ξ
991 4554 1212 4627 interpungende
1232 4561 1261 4609 et
1284 4552 1459 4625 glossematis
1481 4570 1533 4624 quo
1549 4556 1599 4619 (va
1617 4555 1659 4618 21)
1678 4558 1707 4607 et
1722 4569 1761 4606 ex·

881 4640 899 4655 ⁹
992 4643 1121 4697 eminetis
1145 4646 1192 4710 (ra
1212 4643 1255 4707 23)
1280 4639 1424 4711 purgando
1451 4657 1511 4695 esse
1535 4638 1678 4694 videntur:
1705 4655 1762 4694 eum

879 4758 899 4802 3
992 4729 1066 4785 enim
1087 4746 1154 4784 ansa
1175 4727 1287 4801 propius
1310 4734 1405 4798 eaput,
1429 4725 1503 4782 unde
1525 4724 1637 4782 lanoule
1656 4724 1760 4798 pendet

992 4816 1033 4871 ibi
1049 4822 1081 4871 ut
1098 4822 1223 4871 nentrum
1239 4819 1283 4869 est
1299 4812 1443 4868 conlocata
1460 4820 1488 4868 et
1505 4811 1720 4884 aequipondium
1734 4812 1760 4865 in

992 4902 1108 4958 alteram
1125 4909 1230 4972 partem
1241 4902 1317 4973 scapi
1335 4916 1383 4972 per
1400 4906 1503 4971 puncta
1514 4899 1640 4970 vagando
1656 4899 1761 4970 longini

992 4996 1041 5043 aut
1066 4990 1148 5044 etiam
1170 4989 1206 5044 ad
1228 4995 1379 5044 extremum
1400 4984 1574 5057 perducitur,
1596 4985 1680 5058 paulo
1705 4985 1760 5051 (ie

861 5097 901 5126 ο·
988 5078 1113 5148 parvulo)
1126 5083 1154 5130 et
1164 5075 1255 5146 inpari
1267 5074 1389 5147 pondere
1398 5071 1594 5144 amplissimam
1605 5071 1760 5143 pensionem

929 5202 934 5215 .
991 5179 1085 5234 parem
1101 5162 1208 5233 perfluit
1224 5179 1273 5234 par
1291 5162 1367 5233 scapi
1383 5159 1567 5216 librationem.

1060 5247 1079 5317 ¹)
1097 5249 1170 5306 Ibid.
1188 5265 1249 5322 pag.
1263 5251 1322 5319 253,
1334 5251 1377 5303 nt
1444 5246 1465 5312 ⁸)
1485 5244 1557 5302 Ibid
1575 5262 1637 5318 pag.
1650 5247 1709 5316 253,
1723 5246 1758 5300 19.
