3816 5912
631 545 809 598 uvooavtr
835 544 1110 600 ssncvuatuvu.
1440 526 1535 626 Ι247

213 646 518 657 ——-.——-—.--—

213 720 417 780 terminantur.
460 719 619 798 Reliquiae
648 729 680 779 ut
706 739 761 780 nec
788 720 824 779 de
853 722 949 780 lorma
973 720 1110 781 dubitare
1139 720 1279 797 sinunt1)
1311 740 1365 781 nec
1390 722 1427 781 de
1452 739 1539 801 argu·

213 830 328 895 mento,
355 823 399 883 ita
424 824 621 899 praecesserit
646 840 768 883 necesse
794 832 840 882 est
866 823 1015 882 decretum
1043 823 1072 881 id
1099 825 1136 881 de
1163 842 1222 900 quo
1249 824 1380 884 diximus
1408 834 1538 898 senatus,

212 927 293 1003 qnod
308 928 478 1004 Augustum
502 926 622 986 iubebat
637 926 854 985 ordinationem
877 943 1029 985 sacrorum
1053 925 1214 1004 suscipere.
1248 923 1414 986 Secundum
1436 926 1465 985 id
1487 928 1539 987 de·

211 1037 324 1089 cretum
338 1031 494 1108 Angustus
515 1029 572 1088 bac
593 1028 721 1105 epistula
741 1027 778 1086 ad
794 1028 950 1105 collegium
971 1029 1084 1106 scripta
1104 1028 1183 1087 ludis
1205 1028 1331 1088 iormam
1354 1039 1383 1087 et
1404 1048 1537 1090 normam

211 1132 302 1191 dedit.
344 1131 456 1191 Eodem
484 1140 564 1190 recte
589 1130 742 1202 referetur,
769 1130 849 1208 quod
872 1139 947 1190 teste
968 1130 1090 1190 Zosimo
1112 1130 1258 1190 sacrificia
1279 1131 1426 1191 ordinavit
1452 1134 1537 1192 iussu

212 1234 340 1312 Augusti
356 1233 461 1293 Ateius
476 1232 586 1311 Capito
607 1234 679 1293 iuris
702 1234 780 1293 sacri
801 1233 1010 1308 peritissimus.
1027 1264 1067 1276 -
1089 1232 1164 1292 Dies
1186 1234 1333 1309 epistulae
1354 1234 1462 1305 delicit,
1484 1235 1536 1294 scd

211 1338 292 1414 quod
319 1336 452 1412 sequitur
473 1336 601 1395 edictum
631 1356 697 1395 cum
723 1336 864 1395 scribitur
890 1337 983 1394 codsa
1008 1338 1054 1394 dic
1078 1336 1262 1414 propositum
1290 1354 1370 1407 esse,
1400 1338 1536 1414 proposi·

211 1452 273 1519 tum
296 1448 393 1498 autem
415 1448 462 1499 est
483 1457 511 1496 a.
534 1437 562 1496 d.
578 1438 657 1497 Vlll
679 1440 709 1498 k.
727 1441 813 1516 Apa,
835 1437 946 1513 scripta
968 1439 1007 1497 sit
1027 1455 1150 1498 necesse
1172 1445 1219 1498 cst
1240 1440 1316 1498 inter
1336 1439 1426 1499 Febr.
1446 1440 1482 1499 17
1505 1450 1536 1501 et

211 1543 297 1603 biart.
317 1540 365 1600 24.

294 1642 434 1721 Sequitur
455 1643 583 1703 edictum
605 1664 632 1701 v.
650 1642 780 1703 24-28
803 1644 896 1703 eodem
916 1646 975 1716 die,
1003 1650 1035 1703 ut
1056 1645 1134 1716 dixi,
1160 1645 1360 1721 propositum,
1388 1664 1446 1722 quo
1467 1665 1534 1706 cum

209 1749 338 1828 populus
364 1745 505 1805 doceatur
526 1747 677 1822 quomodo
704 1745 765 1804 ludi
791 1747 959 1806 celebrandi
986 1748 1059 1820 sint,
1087 1766 1123 1806 ea
1147 1756 1245 1806 autem
1270 1767 1346 1823 quac
1372 1757 1534 1823 sequuntur
1638 1831 1642 1837 .

209 1870 292 1911 snam
318 1849 583 1927 praescriptionem
609 1849 739 1908 habeant
763 1867 859 1925 neque
880 1851 918 1908 ad
941 1849 1069 1909 edictum
1090 1849 1164 1908 illud
1190 1851 1372 1926 pertineant,
1398 1850 1535 1910 doctrina

208 1954 261 2013 illa
282 1952 378 2031 magis
400 1970 439 2010 ex
461 1952 589 2028 epistula
603 1952 684 2011 venit
705 1970 794 2027 quam
816 1970 855 2012 ax
869 1951 966 2011 edicto
988 1953 1235 2029 statuendamque
1256 1954 1311 2011 erit
1331 1953 1533 2028 praecessisse

208 2057 285 2116 diem
306 2074 365 2115 non
387 2055 535 2133 epistulae
557 2055 697 2132 scriptae,
719 2055 772 2113 sed
794 2057 940 2114 sessionis
961 2054 1090 2133 collegii,
1119 2056 1150 2113 in
1172 2073 1232 2132 qua
1253 2056 1380 2132 epistula
1400 2074 1437 2114 ea
1458 2057 1533 2114 reci-

208 2169 271 2218 tata
291 2168 351 2230 ast,
378 2169 407 2217 et
429 2158 598 2217 decrevisse
619 2157 791 2236 collegium,
819 2168 851 2216 ut
876 2157 1006 2234 epistula
1030 2176 1097 2217 oum
1120 2158 1252 2218 subiecto
1275 2158 1391 2236 collegii
1413 2159 1532 2218 decreto

207 2262 324 2339 publice
345 2268 569 2339 proponeretur.

288 2365 450 2424 Decretum
473 2364 592 2443 collegii
615 2384 642 2421 v.
659 2361 790 2422 29-36
816 2362 896 2439 qnod
922 2363 1056 2438 sequitur
1082 2380 1148 2420 curn
1176 2363 1284 2422 habeat
1310 2383 1419 2423 annum
1446 2384 1530 2440 prae·

206 2468 346 2545 scriptum
368 2467 457 2526 isdem
477 2463 711 2541 ao(a)a(atttas),
740 2467 828 2524 isdem
855 2464 1029 2542 mnp(istris)
1051 2464 1086 2522 X
1090 2464 1234 2539 Vvir(am)
1261 2464 1381 2543 s(ocria)
1402 2466 1531 2542 s(aciea·

206 2571 276 2647 die),
298 2556 360 2630 dies
376 2568 492 2628 videtur
507 2587 577 2628 casu
600 2579 651 2627 aut
671 2568 788 2644 positus
809 2567 904 2627 fuisse
925 2567 990 2626 loco
1006 2585 1064 2624 non
1081 2585 1135 2626 suo
1151 2577 1202 2625 aut
1223 2569 1369 2639 omissus3
1391 2570 1441 2645 qui
1464 2571 1529 2628 dies

203 2672 293 2733 fuerit
314 2690 436 2732 necesse
457 2682 503 2731 est
523 2672 600 2732 inter
620 2670 710 2730 Febr.
730 2671 766 2729 18
790 2680 818 2729 et
840 2670 927 2728 Mart.
945 2668 994 2727 tt.
1029 2668 1172 2728 Decernit
1192 2669 1350 2747 collegium
1372 2669 1409 2727 de
1431 2672 1530 2731 distri-

202 2776 324 2835 butione
345 2773 580 2834 suffimentorum
603 2786 633 2832 ct
653 2775 825 2850 acceptione
846 2773 974 2850 frugum.

286 2877 448 2937 Decretum
474 2878 530 2936 hoc
557 2876 669 2952 excipit
689 2895 718 2934 v.
736 2875 867 2934 37-45
896 2876 1022 2934 alterum
1049 2875 1167 2951 collegii
1194 2874 1306 2934 factum
1331 2874 1379 2934 die
1396 2874 1470 2935 VlIl
1497 2878 1527 2937 tr.

203 2983 276 3057 Apr.
301 3004 336 3030 =
360 2980 448 3037 Mart.
464 2976 518 3050 25,
543 2978 651 3054 quibus
674 2978 901 3038 subscribuntur
921 2978 1042 3037 uomina
1063 2996 1165 3036 eorum
1187 2979 1239 3053 qui
1261 2978 1425 3037 adfuerunt.
1468 2978 1528 3040 Sed

202 3084 232 3142 in
254 3082 387 3141 sessione
409 3099 445 3140 ea
466 3081 537 3157 quid
560 3079 692 3139 additum
714 3081 755 3139 sit
775 3091 864 3140 antea
885 3079 1022 3152 decretis,
1043 3098 1148 3156 parurn
1170 3089 1295 3157 apparet
1316 3091 1439 3157 propter
1460 3083 1528 3141 reli·

202 3185 337 3262 quiarnm
364 3184 539 3242 exilitatem.
581 3182 681 3242 Locus
707 3183 865 3254 indicatur,
894 3183 941 3241 ubi
970 3201 1006 3242 ea
1027 3191 1106 3241 certe
1128 3181 1175 3240 die
1200 3182 1357 3260 collegium
1379 3186 1526 3258 convenit,

202 3287 254 3346 sed
276 3305 334 3363 pro
360 3287 430 3344 cede
533 3285 612 3362 quod
640 3295 777 3364 superest
802 3305 860 3345 non
888 3285 1031 3346 habemus
1052 3283 1201 3361 quomodo
1223 3286 1408 3362 expleamus.
1447 3285 1527 3347 Con·
1600 3280 1603 3283 “

200 3388 355 3448 ferendum
389 3398 434 3447 est
464 3388 544 3463 quod
576 3388 618 3446 ait
645 3385 751 3447 Cicero
779 3388 910 3463 Philipp.
934 3387 968 3461 3,
993 3389 1044 3461 ll,
1069 3388 1121 3446 tt:
1156 3388 1255 3446 sedeas
1287 3406 1339 3463 pro
1372 3391 1441 3447 aede
1469 3387 1526 3448 Cu·

192 3495 287 3551 'cteris
302 3488 415 3565 dixit2)
438 3500 468 3549 et
487 3489 567 3566 quod
582 3490 711 3550 Arvales
734 3509 820 3549 sacra
840 3489 974 3549 indicunt
994 3499 1024 3547 et
1038 3490 1107 3547 alibi
1130 3500 1160 3548 et
1179 3494 1210 3548 ia
1227 3508 1341 3566 proauo
1355 3493 1436 3549 aedis
1454 3492 1525 3553 Goa-

202 3595 325 3653 cordioc.
358 3590 492 3669 eogitari
513 3593 622 3668 poterit
643 3593 679 3651 de
701 3612 771 3652 area
792 3603 860 3652 ante
882 3592 985 3652 aedem
1008 3591 1161 3669 Apollinis
1183 3592 1322 3664 Palatini,
1345 3594 1374 3651 in
1395 3613 1457 3669 qua
1479 3594 1528 3656 Si·-

200 3696 299 3773 byllae
320 3696 453 3754 carmina
474 3712 510 3754 eo
532 3704 666 3772 tempore
687 3694 931 3754 custodiebantur
952 3705 982 3753 ct
1003 3694 1053 3752 ubi
1069 3692 1172 3756 Severi
1193 3705 1326 3771 tempore
1348 3698 1525 3756 convenisse

199 3798 343 3858 XVviros
370 3808 437 3856 acta
463 3797 559 3856 altera
584 3806 743 3869 testantur;
777 3798 829 3856 sed
855 3798 954 3855 sedem
980 3797 1045 3875 lege
1070 3798 1162 3855 lixam
1188 3797 1344 3875 collegium
1367 3798 1522 3859 XVvirum

199 3910 296 3962 aetate
310 3900 440 3978 Augusti
463 3917 521 3958 non
544 3900 641 3977 msgis
656 3900 772 3959 videtur
791 3900 932 3960 habuisse
954 3919 1043 3977 quam
1065 3899 1231 3959 habuerunt
1245 3900 1381 3959 Arvales.
1415 3903 1523 3979 Agitur

198 4004 305 4064 deinde
320 4003 357 4063 de
372 4001 470 4062 triduo
491 4001 639 4075 ludorum,
661 4002 740 4079 qnod
763 4012 861 4061 tamen
883 4004 915 4061 in
935 4003 1004 4080 ipsa
1022 4002 1183 4061 indictione
1201 4002 1330 4061 nuntiari
1346 4002 1447 4062 debuit
1468 4024 1523 4065 uec

197 4120 259 4167 tum
275 4108 390 4166 demum
407 4105 570 4164 stabilitum
586 4115 639 4164 est
672 4104 810 4164 Edictum
824 4103 982 4164 XVvirum
1003 4104 1082 4181 quod
1104 4106 1238 4182 sequitur
1259 4126 1286 4164 v.
1302 4104 1433 4165 46-49
1455 4125 1522 4167 cum

197 4211 274 4270 diem
297 4227 383 4283 suum
404 4226 464 4266 non
489 4208 610 4280 habeat,
637 4208 793 4284 probabile
814 4217 859 4267 est
884 4207 932 4266 die
959 4208 1102 4267 sessionis
1129 4208 1208 4266 illius
1234 4209 1418 4285 propositum
1444 4227 1520 4269 esse.

195 4313 304 4390 Itaque
326 4330 393 4370 cum
415 4308 542 4369 edictum
569 4311 717 4387 pertineat
738 4310 777 4368 ad
799 4309 993 4370 ordinandam
1016 4310 1252 4370 distributionem
1276 4310 1520 4385 suffimentorum,

194 4416 234 4474 ad
255 4433 323 4474 eam
344 4413 432 4472 etiam
455 4421 523 4471 acta
543 4411 644 4488 aliquo
665 4413 753 4472 modo
776 4413 911 4473 videntur
931 4413 1118 4489 pertinuisse.
1161 4413 1210 4473 De
1235 4414 1303 4490 ipsa
1324 4432 1356 4472 re
1377 4413 1456 4473 inira
1477 4416 1521 4474 vi·

192 4518 335 4577 debimns.

275 4618 332 4677 His
359 4619 516 4679 subiuncta
541 4629 610 4677 sunt
637 4627 758 4678 senatus
783 4618 921 4678 consulta
947 4617 1006 4677 duo
1032 4622 1145 4677 maiore
1171 4638 1210 4678 cx
1238 4631 1321 4698 parte
1346 4622 1404 4681 iam
1431 4634 1518 4683 antea

192 4732 273 4795 nota,
295 4721 476 4800 pertinentia
497 4721 535 4780 ad
556 4721 642 4781 ludos
663 4720 809 4780 instantes
830 4729 860 4780 et
880 4730 1040 4799 propterea
1061 4740 1126 4781 cum
1144 4721 1271 4802 collegio
1293 4725 1335 4784 ita
1356 4727 1516 4786 communi·

267 4961 291 5026 ¹)
321 4965 346 5014 1.
366 4965 383 5015 b
406 4978 452 5015 aaa
471 4988 504 5001 ·-·
525 4965 551 5016 6.
572 4966 587 5015 8
611 4962 719 5018 abeas
737 4990 770 5002 -
791 4966 1011 5018 tamastanus.
1047 4966 1284 5020 senamseomuttt
1307 4970 1404 5033 forma,
1430 4971 1513 5036 qualis

190 5071 222 5107 aa
240 5063 325 5106 aetate
344 5056 534 5119 observabatur,
554 5059 680 5110 eiusmodi
698 5059 840 5111 locutiones
859 5076 911 5110 nou
930 5060 1049 5111 admittit.

265 5146 290 5209 ²)
318 5148 415 5200 Parum
437 5158 505 5200 recte
524 5151 557 5201 sd
576 5151 643 5202 banc
660 5151 815 5204 locutionem
835 5153 924 5205 Festus
941 5170 967 5222 p.
982 5155 1034 5207 ste
1059 5156 1156 5208 rettulit
1177 5156 1395 5223 praepositionum
1417 5164 1511 5225 praet

188 5240 215 5291 ia
232 5256 306 5292 nsum
325 5241 506 5307 promiscuum.
