3816 5912
419 489 490 563 246

416 612 679 623 „-—.--—.—-

417 686 511 745 Vides
537 685 612 743 actis
638 684 685 742 his
714 683 943 760 posterioribus,
973 704 1038 742 cnm
1065 684 1095 742 in
1122 683 1215 741 lucari
1241 682 1377 742 ludorum
1404 685 1603 743 saecularium
1628 687 1740 745 consti·

417 789 527 848 tuendo
548 788 711 865 placuisset
732 787 817 863 sequi
838 787 868 844 id
890 788 971 863 qnod
992 785 1029 844 de
1051 805 1086 843 eo
1107 786 1297 845 constitutum
1312 797 1377 845 erat
1398 786 1452 844 suh
1466 788 1617 865 Augusto,
1637 807 1740 848 exem·

419 892 500 967 plum
522 889 786 949 senatusconsulti
808 900 869 948 tum
891 889 962 948 lacti
983 890 1127 948 insertum
1144 907 1220 961 esse,
1242 890 1325 949 ouius
1340 897 1370 945 et
1386 899 1591 966 argumentum
1613 891 1742 951 refertur

418 1002 448 1052 et
468 993 645 1072 principium
667 1001 814 1069 superest.
828 1024 869 1035 —
891 989 951 1052 Sed
971 1002 1090 1068 praeter
1111 993 1265 1069 pecuniam
1280 992 1343 1050 veri
1366 992 1462 1051 simile
1481 1002 1527 1051 est
1547 994 1584 1053 de
1606 995 1674 1053 aliis
1694 1015 1740 1054 re·

417 1097 475 1155 bus
497 1096 535 1154 ad
556 1096 714 1155 editionem
742 1095 959 1170 pertinentibus
982 1095 1071 1153 simul
1097 1104 1232 1153 senatum
1258 1105 1320 1153 tum
1341 1095 1524 1168 decrevisse,
1551 1096 1681 1163 fortasse
1703 1098 1741 1157 de

418 1198 605 1257 caerimoniis
626 1198 747 1273 quinam
770 1216 808 1255 ex
823 1194 959 1255 XVviris
980 1215 1030 1255 eas
1053 1198 1227 1273 perficerent
1246 1216 1306 1256 non
1327 1205 1388 1256 tam
1410 1198 1529 1276 collegii
1550 1198 1668 1258 decreto
1688 1201 1740 1259 de·

417 1302 511 1361 cisum
532 1318 600 1360 esse
621 1319 708 1376 quam
731 1319 767 1358 eo
789 1309 910 1358 senatus
932 1300 1076 1359 consulto.
1110 1297 1230 1360 Scilicet
1250 1319 1316 1359 cum
1339 1301 1564 1378 magistratuum
1587 1310 1687 1376 partes
1709 1303 1741 1360 in

418 1405 455 1462 iis
476 1403 576 1462 nullae
599 1410 712 1475 essent,
740 1402 933 1461 caerimonias
955 1419 1007 1460 eas
1033 1403 1097 1459 iure
1118 1402 1280 1461 credideris
1303 1404 1487 1479 spectavisse
1509 1405 1547 1462 ad
1569 1405 1740 1482 magistros,

419 1516 451 1564 ut
478 1505 556 1583 apud
580 1506 707 1565 Arvales
733 1506 931 1564 caerimoniae
953 1522 1057 1563 omnes
1085 1503 1275 1580 perficiuntur
1300 1525 1353 1581 per
1374 1506 1547 1584 magistrum
1573 1507 1605 1565 in
1630 1527 1741 1567 anunm

322 1644 325 1649 -
419 1628 485 1667 eum
512 1610 629 1667 decreto
657 1607 773 1685 collegii
801 1608 1003 1666 constitutum.
1047 1607 1083 1665 In
1111 1608 1312 1666 saecularibus
1339 1608 1417 1666 ludis
1445 1618 1543 1668 autem
1569 1628 1655 1668 secus
1682 1621 1741 1669 est:

409 1711 584 1770 *videbimus
606 1711 737 1769 ordinari
760 1729 813 1769 eos
835 1711 872 1768 eb
887 1713 1036 1786 Augusto,
1058 1710 1211 1769 immolare
1232 1722 1261 1769 et
1284 1711 1398 1785 precari
1420 1730 1474 1788 pro
1496 1711 1623 1788 collegio
1638 1714 1740 1790 Augu·

419 1826 498 1874 stum
521 1824 551 1873 et
565 1815 740 1891 Agrippam,
762 1814 943 1873 circensibus
958 1813 1118 1891 quadrigas
1138 1814 1255 1873 mittere
1267 1814 1399 1872 Potitum
1414 1813 1595 1886 Messallam,
1617 1834 1741 1891 quorum

418 1919 496 1976 iuter
516 1918 582 1976 eius
605 1917 674 1975 anni
697 1917 856 1993 magistros
885 1934 960 1974 unus
981 1918 1138 1993 Augustus
1160 1927 1213 1974 est.
1251 1919 1407 1992 Augustus
1429 1928 1458 1974 et
1479 1918 1618 1994 Agrippa
1638 1937 1741 1995 quam·

419 2040 508 2097 quam
530 2020 649 2077 dubium
677 2037 735 2076 non
762 2030 807 2076 est
833 2019 974 2077 honorem
1001 2038 1067 2077 eum
1089 2020 1254 2078 obtinuisse
1281 2028 1401 2095 propter
1428 2018 1623 2096 principatum
1650 2033 1681 2079 et
1703 2023 1741 2080 ob

419 2142 484 2181 eam
506 2139 626 2180 causam
651 2122 768 2196 utrique
789 2123 819 2179 in
834 2122 1094 2180 senatusconsulto
1112 2122 1242 2180 adscribi
1264 2122 1450 2180 tribuniciam
1473 2132 1659 2199 potestatem,
1682 2144 1742 2183 noa

418 2245 474 2302 pro
496 2244 532 2283 ea
553 2236 700 2301 potestate
723 2242 810 2283 sacra
831 2224 973 2294 fecerunt,
999 2223 1061 2295 sed,
1084 2233 1117 2280 ut
1139 2225 1203 2299 ipse
1227 2227 1382 2302 Augustus
1405 2226 1446 2282 ait
1467 2225 1498 2282 in
1519 2228 1742 2299 commentario,

416 2347 472 2403 pro
499 2328 622 2401 coalepio
645 2327 680 2384 X
685 2326 808 2385 Voirum.
852 2327 955 2401 ltaque
982 2326 1098 2385 decreto
1126 2327 1164 2384 ad
1190 2327 1220 2384 id
1247 2345 1323 2403 opus
1350 2336 1426 2399 erat,
1454 2327 1535 2403 quod
1560 2346 1741 2404 quamquam

419 2431 484 2489 fieri
506 2438 605 2505 potest
627 2437 658 2487 ut
678 2429 781 2486 fecerit
802 2428 968 2505 collegium,
991 2428 1057 2504 pari
1078 2430 1142 2488 iure
1164 2438 1195 2487 et
1216 2429 1345 2487 fortasse
1367 2428 1487 2488 meliore
1509 2430 1613 2488 referri
1633 2431 1743 2508 poterit

419 2532 457 2590 ad
480 2541 625 2591 senatum.

502 2634 613 2693 Deficit
633 2646 751 2708 praeter
773 2644 892 2692 senatus
915 2633 1082 2693 consultum
1105 2635 1141 2691 de
1164 2634 1242 2693 ludis
1262 2633 1384 2693 edendis
1405 2635 1437 2692 in
1459 2635 1533 2693 actis
1555 2654 1632 2711 quae
1653 2636 1743 2696 habe·

420 2756 485 2796 mus
509 2737 647 2794 ludorum
663 2737 769 2794 edictio
784 2746 1014 2795 commemorata
1035 2756 1063 2792 v.
1081 2736 1128 2795 39.
1146 2737 1199 2794 40:
1224 2737 1297 2795 loedi
1389 2736 1451 2812 [qai
1472 2738 1503 2812 a]
1526 2739 1644 2814 callepio
1660 2741 1743 2799 edicti

420 2852 493 2910 aunt,
521 2860 588 2897 nam
611 2840 640 2895 in
662 2839 698 2897 iis
720 2858 795 2915 quae
817 2840 998 2916 praecedunt
1019 2838 1047 2895 id
1070 2858 1129 2897 non
1150 2840 1303 2915 reperitur.
1346 2840 1520 2911 Praeconis,
1546 2860 1632 2916 quem
1655 2840 1742 2902 ludos

421 2962 472 3001 eos
496 2942 716 2999 adnuntiantem
740 2943 847 2999 nummi
870 2950 900 2999 et
922 2942 1050 3018 Augusti
1072 2953 1101 2999 et
1121 2941 1288 2999 Domitiani
1312 2941 1446 3000 videntur
1469 2945 1743 3019 repraesentare1),

421 3045 447 3102 si
469 3065 528 3121 qua
549 3044 659 3103 mentio
681 3044 710 3099 in
733 3045 806 3101 actis
830 3043 908 3103 facts
928 3045 992 3115 fuit,
1013 3053 1044 3102 et
1065 3045 1132 3119 ipsa
1153 3043 1248 3120 periit.

503 3146 654 3223 Incipiunt
675 3158 740 3204 aeta
763 3166 838 3222 quae
860 3158 1021 3223 supersunt
1042 3147 1079 3203 ab
1101 3146 1228 3220 epistula
1250 3145 1292 3220 (v.
1312 3144 1428 3220 1-23)
1457 3148 1495 3204 ab
1518 3150 1656 3225 Augusto
1679 3149 1744 3226 opi·

420 3267 476 3306 nor
496 3249 565 3307 data
587 3249 624 3307 ad
646 3248 803 3325 collegium
824 3249 995 3321 XVvirum,
1024 3267 1086 3324 qua
1109 3248 1246 3307 ludorum
1267 3248 1431 3307 futurorum
1456 3249 1519 3308 dies
1541 3260 1571 3308 et
1595 3252 1670 3309 ordo
1692 3252 1744 3309 de·

420 3419 622 3427 —n-u-———-—

498 3540 521 3602 ¹)
549 3542 687 3591 Hominem
700 3548 767 3591 veste
786 3542 923 3603 succincta,
943 3542 1025 3606 capite
1040 3547 1107 3590 tecto
1119 3541 1193 3605 galea
1210 3539 1325 3604 pinnata,
1344 3548 1473 3591 tenentem
1494 3541 1585 3591 dextra
1604 3542 1744 3593 caduceum

420 3635 516 3684 alatum
534 3634 561 3683 in
580 3649 685 3683 nummo
704 3634 824 3697 Augusti,
848 3635 876 3683 iu
895 3634 1040 3684 Domitiani
1059 3634 1190 3694 baculum,
1217 3633 1319 3682 sinistra
1339 3633 1448 3697 clipeum
1467 3634 1604 3685 rotundum
1622 3635 1745 3686 exhibent

421 3727 517 3776 nummi
537 3727 597 3787 duo,
619 3727 728 3791 Augusti
748 3742 822 3775 cusns
841 3743 857 3776 a
876 3727 911 3775 Μ.
925 3726 1068 3791 Sanquinio
1089 3725 1215 3787 (Babelon
1233 3741 1313 3774 mona.
1328 3724 1358 3774 de
1373 3725 1399 3774 la
1417 3723 1469 3792 re'p.
1486 3728 1500 3775 2
1520 3743 1545 3791 p.
1559 3728 1623 3788 417)
1643 3734 1669 3776 et
1687 3728 1744 3779 Do-

421 3818 522 3869 mitiani
542 3818 649 3877 (Echhel
663 3819 688 3879 6,
704 3820 764 3880 385;
785 3818 874 3868 Cohen
887 3816 948 3868 med.
963 3818 1079 3885 decemp.
1094 3818 1109 3866 1
1128 3834 1152 3881 p.
1167 3819 1200 3866 47
1204 3816 1219 3865 6
1239 3833 1265 3866 n.
1280 3817 1333 3879 72),
1354 3818 1396 3868 hic
1414 3834 1466 3869 una
1481 3835 1536 3869 cunr
1557 3820 1632 3884 cippo
1651 3835 1691 3884 eo,
1712 3822 1745 3871 de

422 3927 472 3975 quo
491 3926 566 3974 supra
585 3928 610 3975 p.
625 3912 676 3960 226
697 3911 818 3971 diximus,
838 3920 863 3960 et
882 3911 1001 3961 turibulo.
1032 3910 1133 3964 Similes
1148 3918 1206 3959 sunt
1224 3911 1319 3959 nummi
1340 3913 1450 3976 Augusti
1470 3913 1558 3975 ipsius,
1578 3912 1668 3963 Cohen
1681 3910 1744 3963 me'd.

422 4002 466 4052 des
484 4018 544 4069 emp.
564 4004 577 4052 I
597 4020 621 4067 p.
638 4004 670 4051 ’19
691 4019 716 4051 n.
733 4005 782 4052 112
808 4012 833 4050 et
852 4020 876 4067 p.
892 4005 924 4053 89
945 4019 970 4053 n.
986 4005 1047 4053 lss.
1086 4002 1223 4063 Quodnam
1243 4002 1356 4052 officium
1376 4004 1411 4052 ita
1430 4011 1641 4067 repraesentetur,
1667 4021 1745 4071 qnae-

421 4097 494 4144 ritur.
533 4095 640 4145 Carolus
660 4095 756 4144 Robcrt
778 4111 794 4143 a
813 4111 854 4145 me
873 4096 1003 4145 consultus
1027 4095 1160 4160 respondit
1184 4095 1292 4144 eandem
1314 4096 1421 4160 figuram
1444 4097 1528 4146 redire
1546 4098 1574 4146 in
1593 4098 1745 4162 anaglyphis

422 4188 533 4248 duobus,
558 4187 640 4237 altero
660 4194 758 4244 servato
778 4189 804 4237 in
825 4188 913 4238 codice
932 4188 1092 4252 Coburgeusi
1115 4187 1211 4248 (edidit
1231 4188 1354 4238 Emestns
1374 4188 1483 4241 Schulae
1506 4190 1533 4238 ia
1557 4197 1744 4255 programmate

422 4281 549 4345 gymnasii
567 4280 763 4330 reformatorum
776 4278 961 4344 Petropolitani
980 4296 1004 4329 a.
1021 4281 1104 4330 1873:
1124 4279 1176 4329 ulte
1188 4276 1402 4345 Handreichauap
1421 4281 1486 4329 eines
1499 4280 1595 4345 Reliess
1611 4283 1656 4331 mit
1673 4279 1743 4333 Dor-

422 4372 528 4439 stellunp
548 4371 591 4422 dea
611 4370 819 4437 Saliorumzupes,
844 4389 868 4436 p.
885 4373 926 4422 lb.
942 4374 970 4433 8,
995 4373 1037 4422 ubi
1058 4373 1150 4421 citatur
1169 4372 1269 4436 plenior
1287 4374 1371 4438 imago
1391 4374 1451 4423 data
1474 4375 1542 4437 apud
1562 4374 1692 4425 Gasalium
1716 4376 1744 4426 in

422 4466 489 4515 libro
509 4465 540 4514 de
560 4465 686 4514 veteribus
709 4465 928 4515 ritibusa.1644
953 4464 1046 4526 edito),
1072 4465 1152 4514 altero
1173 4466 1313 4530 Anagnino
1339 4466 1430 4527 (edidit
1449 4466 1584 4517 Benndorl
1604 4481 1665 4518 ann.
1684 4469 1744 4519 inst.

422 4557 492 4608 arch.
513 4572 536 4606 a
554 4559 623 4607 1869
643 4557 695 4607 tab.
715 4557 774 4605 add.
794 4555 840 4617 E);
865 4558 891 4606 in
912 4557 959 4607 hoc
979 4566 1029 4608 tres
1050 4558 1183 4611 minimum
1203 4559 1328 4607 eiusmodi
1348 4559 1464 4608 homines
1487 4560 1557 4624 pingi
1577 4560 1668 4609 ordine
1685 4576 1743 4624 grs-

423 4651 534 4711 dicntes,
559 4651 585 4699 in
605 4650 650 4698 illo
671 4650 735 4698 duos
754 4649 966 4713 praecedentibus
985 4651 1140 4700 tubicinibus
1159 4650 1258 4699 duobus
1278 4658 1304 4699 et
1323 4651 1421 4700 duobus
1441 4652 1585 4701 modiorum
1607 4656 1743 4717 portatori-

423 4745 482 4805 bus3
509 4744 551 4807 agi
575 4742 653 4807 igitur
676 4742 707 4791 ds
731 4741 840 4806 collegio
864 4742 958 4807 aliquo.
997 4743 1082 4795 Salios
1106 4758 1158 4792 non
1182 4743 1332 4807 significari,
1357 4744 1383 4793 id
1404 4744 1473 4808 quod
1497 4745 1569 4793 multi
1593 4751 1743 4807 statuerunt,

423 4826 524 4901 p'raeter
542 4836 593 4884 alia
612 4836 672 4884 inde
691 4834 827 4898 colligitur,
847 4834 916 4899 qnod
935 4836 999 4885 salio
1019 4851 1074 4885 cnm
1095 4835 1266 4885 saecularibus
1285 4835 1352 4885 ludis
1370 4836 1441 4886 nulla
1454 4838 1599 4887 communio
1612 4844 1659 4887 est.
1686 4838 1744 4888 Ma·

423 4930 462 4993 gis
481 4927 633 4977 crediderim
656 4929 840 4991 repraesentari
863 4928 899 4977 ita
922 4943 1061 4992 praecones
1084 4928 1118 4978 ad
1143 4944 1183 4977 ros
1202 4943 1286 4979 sacras
1305 4929 1445 4991 adhibitos,
1469 4929 1566 4979 scilicet
1591 4926 1744 4998 ἱεροκήρυκας

424 5021 464 5070 vel
482 5020 573 5070 Latine
595 5018 697 5069 lictores
717 5020 849 5081 curiatios;
874 5036 934 5071 nam
956 5035 1000 5070 eos
1018 5020 1132 5071 XVriris
1158 5036 1258 5086 quoque
1277 5022 1426 5086 apparuisse
1448 5022 1582 5091 probabile
1605 5032 1645 5072 est
1670 5031 1695 5073 et
1716 5025 1744 5074 in

425 5114 525 5177 collegii
543 5113 652 5163 formam
672 5113 691 5160 ii
710 5112 806 5162 redacti
825 5113 934 5163 fuemnt.
964 5113 1016 5163 Sed
1035 5128 1088 5164 rem
1102 5114 1235 5166 obscuram
1254 5122 1279 5163 et
1297 5129 1381 5164 meam
1400 5116 1558 5179 provinciam
1570 5117 1743 5181 egredientem

425 5206 468 5261 alii
487 5219 562 5273 spero
581 5205 637 5255 loro
657 5212 684 5255 ut
702 5204 838 5257 elucident.
