3768 5912
440 513 513 584 402
955 534 1240 586 renascounusrs

437 719 591 798 Descripsi
613 741 650 778 ex
674 719 797 799 ectypis‚
827 741 903 796 qnae
931 720 1015 780 misit
1041 723 1099 781 Ios.
1123 721 1208 781 Leite
1230 722 1267 780 de
1285 723 1506 802 Vaseonoellos,
1530 724 1582 799 qni
1604 725 1641 783 de
1663 724 1757 783 titulo

436 824 498 900 egit
525 831 659 884 accurate
688 824 720 883 in
749 825 947 901 praelectione
977 825 1144 886 academica
1171 847 1187 884 o
1213 828 1278 884 decr
1305 828 1480 887 Bracarease
1508 826 1758 906 Peayeeoabiagaa

435 949 472 986 ex
500 929 688 1006 ephemeride
716 929 831 988 Rere'ata
854 930 993 989 Lusitana
1013 930 1072 990 vol.
1088 932 1132 990 III
1160 950 1296 990 seorsum
1322 932 1450 1008 repetita
1478 928 1645 1011 (Olisipone
1673 934 1756 990 1894

435 1052 484 1109 pp.
504 1034 532 1112 9,
551 1030 601 1114 4.).
647 1034 812 1109 Imaginem
838 1034 996 1111 proposuit
1018 1036 1155 1095 Albanus
1177 1036 1295 1094 Bellino
1321 1036 1353 1094 in
1380 1038 1478 1096 fronte
1505 1036 1574 1095 libri
1597 1035 1645 1095 sui
1667 1036 1755 1095 inser.

435 1156 504 1196 rem.
529 1139 562 1196 de
585 1140 684 1216 Braga
707 1136 822 1217 (1895).

477 1263 546 1320 v.1
579 1262 649 1319 Non
681 1261 822 1339 Caeliae,
853 1262 942 1321 utin
963 1262 1052 1322 titulo
1075 1283 1105 1321 n.
1131 1265 1228 1340 2420,
1259 1262 1312 1321 sed
1343 1261 1452 1321 Colicae
1478 1263 1512 1322 in
1538 1264 1637 1341 lapide
1659 1263 1756 1323 fuisse

435 1363 566 1441 spatium
589 1366 676 1425 deest
698 1373 728 1426 et
749 1366 855 1426 titulus
878 1387 945 1425 arae
967 1367 1150 1445 fastigiare,
1181 1367 1234 1442 qui
1262 1373 1349 1426 antea
1377 1387 1480 1427 musco
1504 1376 1534 1427 et
1555 1368 1636 1441 foliis
1658 1374 1758 1427 taetus

438 1488 519 1527 nunc
542 1470 662 1528 demum
684 1469 830 1548 apparuit.

479 1581 552 1640 v.5
580 1582 617 1640 In
644 1581 766 1640 nomine
797 1580 846 1641 dei
874 1580 991 1641 litterae
1020 1583 1097 1640 duae
1123 1581 1237 1657 priores
1259 1588 1380 1659 propter
1402 1582 1492 1659 spatii
1514 1583 1669 1658 angustias
1691 1590 1756 1642 tam

434 1692 495 1742 arte
519 1684 697 1744 coniunctae
721 1692 800 1764 sunt,
822 1692 856 1744 ut
878 1685 975 1762 prima
995 1706 1057 1744 non
1079 1685 1157 1745 clare
1180 1694 1335 1763 appareret
1355 1693 1457 1745 utrum
1480 1704 1495 1743 r
1515 1707 1552 1746 an
1573 1705 1636 1745 ran
1652 1704 1667 1744 s
1682 1707 1723 1745 an
1737 1705 1757 1745 τ

434 1788 490 1866 sit3
517 1790 570 1848 sed
591 1789 692 1866 lapide
715 1791 814 1848 denuo
842 1809 911 1848 curn
937 1810 1008 1848 cura
1036 1789 1206 1849 examinato
1232 1792 1377 1867 Iosephus
1403 1791 1487 1849 Leite
1518 1793 1646 1851 affirmat
1672 1799 1755 1849 certo

433 1910 452 1950 τ
477 1912 555 1972 esse,
580 1896 660 1952 unde
682 1913 807 1971 nornen,
837 1895 918 1969 quod
943 1893 1008 1971 ipse
1031 1901 1119 1954 antea
1140 1893 1380 1972 Poapoeaaba‘apas
1402 1915 1466 1954 esse
1490 1897 1667 1974 crediderat,
1694 1896 1756 1953 iarn

438 1997 672 2076 Toaqoenabr'ayas
694 1999 789 2057 fuisse
811 1998 993 2074 putabimus.
1039 2002 1140 2074 Atque
1163 1999 1327 2077 comparari
1353 2008 1480 2077 possunt
1505 1999 1624 2077 Torrpiar
1649 2000 1758 2077 Teage-
1858 2050 1859 2055 ,

435 2111 526 2161 tamese
545 2102 718 2180 Tarpobn'qa
740 2101 862 2161 nomina
884 2104 1020 2161 Callaeca
1042 2123 1079 2162 ex
1103 2104 1206 2162 eadem
1228 2104 1327 2162 radice
1350 2106 1485 2163 formata.
1524 2102 1691 2180 corrigitur
1713 2104 1756 2162 ita

435 2209 515 2283 quod
538 2214 626 2266 antea
643 2206 713 2265 dedi
727 2206 888 2283 Argotiurn
911 2216 1031 2265 secutus
1047 2241 1090 2250 -
1104 2228 1174 2266 nam
1196 2208 1260 2284 ipse
1276 2227 1385 2268 nomen
1407 2210 1507 2285 legere
1522 2229 1584 2266 non
1599 2218 1756 2286 potueram

434 2318 546 2370 tectum
575 2312 654 2369 calce
683 2318 714 2370 et
741 2330 845 2369 musco
872 2344 915 2354 -
943 2311 1210 2370 Rorreoeaatlraaeaa
1236 2313 1283 2371 vel
1313 2312 1579 2372 Roracceaaetaeear.
1623 2314 1755 2372 Litterae
1858 2372 1859 2401 ,

434 2415 567 2492 reliquae
596 2415 669 2475 satis
692 2417 788 2475 clarae
816 2424 895 2476 sunt.
941 2418 1015 2475 Post
1037 2433 1060 2477 0
1083 2417 1216 2495 finalem,
1241 2418 1342 2493 paullo
1364 2417 1513 2477 minorem
1534 2419 1617 2476 illam
1645 2417 1756 2477 litteris
1858 2442 1859 2479 l

433 2519 574 2600 reliquis,
603 2541 679 2595 quae
702 2519 734 2578 in
756 2519 888 2596 imagine
910 2518 1021 2578 Bellini
1043 2520 1175 2580 cernitur
1197 2539 1219 2599 1,
1251 2540 1313 2579 non
1340 2528 1386 2580 est
1413 2523 1520 2581 fissura
1547 2521 1670 2600 lapidis,
1702 2522 1756 2580 sed

434 2624 567 2703 novicia,
592 2626 629 2684 ab
651 2623 791 2702 imperito
814 2626 944 2700 quodam
966 2625 1082 2701 addita;
1105 2631 1140 2683 ut
1161 2625 1277 2684 iudicat
1299 2625 1392 2687 Leite.

478 2749 515 2808 V.
533 2750 551 2806 6
576 2750 671 2822 Supra
693 2746 849 2823 fastigium
871 2767 939 2806 arae
961 2746 1055 2824 lapidi
1077 2746 1245 2825 insculptae
1268 2754 1371 2806 extant
1393 2747 1456 2806 sive
1473 2756 1649 2807 ornamenta
1663 2768 1755 2824 qnae·
1858 2812 1859 2831 ,

436 2854 505 2911 dam
527 2851 590 2910 sire
612 2851 729 2911 litterae
745 2854 897 2929 confusae,
921 2872 997 2927 quae
1019 2852 1147 2928 Iosepho
1162 2853 1247 2911 Leite
1263 2852 1403 2927 antiquae
1419 2873 1484 2912 esse
1499 2853 1580 2911 visae
1596 2874 1659 2913 non
1674 2862 1753 2912 sunt
1858 2894 1859 2935 3

482 2981 586 3054 Itaque
609 2977 768 3053 legendum
790 2974 927 3056 [Celticae
950 2978 1056 3036 Frento
1078 2977 1292 3054 Arcobripeasia
1314 2977 1524 3056 Amdimapidor
1538 2979 1617 3058 serit
1643 2981 1753 3057 Tonqe
1858 2954 1859 2975 ¹

434 3080 562 3160 aadiapo.
610 3081 718 3140 Cela'eur
731 3081 809 3160 serit
830 3077 969 3160 Froat[0].

481 3197 590 3256 Colicae
611 3194 722 3255 rustice
746 3194 885 3254 scribitur
907 3216 961 3270 pro
987 3194 1124 3269 Caeliear3
1155 3214 1226 3254 narn
1252 3195 1387 3253 eiusdem
1414 3194 1479 3253 sine
1502 3194 1595 3254 dubio
1622 3196 1754 3255 hominis

435 3322 545 3363 nornen
569 3301 695 3360 Caelr'cas
710 3301 816 3359 Fronto
838 3298 979 3358 scribitur
993 3298 1026 3357 in
1041 3299 1128 3358 titulo
1143 3320 1161 3357 a
1175 3298 1238 3357 lilio
1254 3298 1317 3357 sive
1333 3320 1350 3357 a
1364 3306 1473 3376 nepote
1495 3308 1526 3357 et
1539 3300 1753 3377 pronepotibus

435 3404 533 3484 posito
549 3426 579 3464 n.
598 3407 691 3482 2419,
717 3424 784 3462 cum
800 3405 914 3462 fontem
928 3405 1010 3462 hunc
1024 3402 1124 3479 ipsum
1140 3403 1201 3461 nisi
1215 3403 1303 3461 fallor
1323 3390 1534 3462 ‘renovarunt'
1555 3406 1675 3463 saeculo
1693 3407 1752 3463 fere

435 3510 530 3587 primo
554 3516 691 3568 exeunte.
739 3507 866 3566 Caelrear
887 3507 1003 3566 videtur
1031 3527 1140 3565 nomen
1166 3506 1277 3582 gentile
1300 3526 1364 3565 esse
1388 3505 1514 3581 originis
1537 3507 1699 3567 Lusitanae
1721 3518 1753 3565 ut

436 3613 617 3673 Ammoniace
640 3613 833 3671 Sammonicus
854 3611 1006 3690 Africana,
1030 3610 1144 3669 Iberica
1166 3612 1273 3689 multa,
1296 3619 1331 3668 ut
1354 3610 1488 3668 Caecinae
1510 3609 1665 3687 Papaer'eae
1687 3611 1751 3689 alia,

436 3738 512 3793 quae
535 3718 691 3794 composui
712 3718 786 3776 MLI
807 3738 836 3794 p.
855 3717 961 3775 CXXI.
1007 3716 1213 3791 Comparanda
1240 3724 1311 3773 sunt
1337 3713 1450 3772 Caeliae
1474 3713 1570 3772 Cleua
1590 3726 1620 3773 et
1645 3715 1753 3774 Caeliae

436 3823 541 3882 Serani
552 3826 583 3902 f.
606 3823 746 3881 112781.
765 3823 845 3881 5321
872 3830 900 3877 et
925 3818 1087 3897 Caelianipa
1108 3821 1137 3878 Π
1161 3820 1254 3896 5736,
1284 3818 1356 3877 item
1379 3812 1565 3895 *Caelodra'qa
1587 3821 1617 3877 II
1640 3823 1702 3879 416
1725 3827 1753 3877 et

438 3926 595 3985 Caelestino
617 3928 645 3984 Π
662 3927 745 3984 2568
761 3923 884 3983 nomina
898 3923 1103 4001 geographica,
1128 3944 1217 4001 aquae
1234 3922 1350 3981 Celenae
1369 3921 1435 3982 itin.
1451 3926 1564 3981 Antan.
1581 3941 1611 3998 p.
1629 3923 1703 4001 432,
1719 3926 1751 3999 8;

436 4029 527 4088 huius
548 4028 682 4105 regionis
704 4028 813 4088 omnia
858 4030 963 4086 Statua
984 4025 1041 4085 viri
1063 4029 1179 4086 videtur
1202 4027 1294 4085 Celiei
1317 4045 1390 4085 esse.

479 4149 640 4228 Aroodn'qa
661 4152 734 4209 haec
756 4150 818 4209 sive
833 4149 979 4208 Lusitana
1001 4147 1062 4207 sive
1078 4149 1215 4207 Callaeca
1236 4154 1387 4225 praeterea
1408 4155 1589 4206 memoratur
1611 4146 1644 4206 in
1667 4147 1751 4206 titulo

437 4255 594 4313 (lauriensi
615 4256 740 4329 117653
763 4252 929 4329 Arcobriga
951 4252 1127 4311 Celtiberiae
1152 4248 1238 4331 (Plin.
1254 4253 1297 4310 ΠΙ
1313 4253 1352 4309 24
1376 4251 1444 4309 Itin.
1462 4254 1575 4310 Anton.
1597 4270 1627 4327 p.
1650 4254 1749 4327 437,1

436 4355 725 4438 Ptolem.116,57)
748 4377 839 4434 prope
861 4356 997 4416 Bilbilim
1018 4356 1136 4415 diversa
1157 4363 1211 4414 est.
1250 4354 1460 4432 Anaanoqidas
1480 4352 1579 4432 gentis
1602 4354 1751 4413 Callaecae

438 4462 567 4522 alicuius
590 4481 700 4521 nomen
722 4468 776 4540 eet,
801 4470 835 4519 ut
857 4460 1062 4519 Ambiradacar
1084 4461 1113 4519 II
1135 4462 1230 4539 4306,
1253 4459 1377 4536 originis
1398 4462 1524 4517 fortasse
1547 4457 1691 4519 Celticae.

484 4583 725 4664 Tonyoeaaba‘apue
746 4581 795 4642 dei
817 4603 928 4641 nomen
951 4583 1073 4642 aliunde
1095 4601 1156 4641 non
1178 4588 1283 4640 notum
1306 4582 1344 4640 ad
1369 4581 1485 4640 fontem
1511 4579 1662 4656 pertinere
1684 4599 1751 4638 con-

437 4688 508 4748 iecit
529 4688 616 4747 Leito
639 4696 759 4766 propter
780 4687 848 4745 nabi
868 4686 998 4744 radicem
1024 4706 1114 4761 quam
1136 4684 1284 4760 continet3
1312 4684 1400 4744 Nebis
1422 4691 1452 4742 et
1473 4682 1570 4742 Navia
1597 4685 1751 4743 fluminum

436 4792 469 4852 in
492 4793 667 4870 regionibns
689 4791 750 4850 illis
773 4790 896 4849 nomina
918 4796 998 4849 nota.

482 4918 573 4980 Quod
597 4913 703 4973 Celicas
718 4913 826 4971 Frento
848 4911 875 4968 is
898 4910 950 4984 qui
973 4911 1027 4968 deo
1044 4911 1246 4986 anaglyphum
1260 4909 1394 4968 votivum
1415 4907 1518 4985 posuit
1539 4928 1652 4967 nomen
1668 4926 1750 4968 suum

438 5018 547 5078 iterum
569 5017 723 5096 inscripsit
745 5037 821 5094 arae,
845 5014 914 5074 ideo
936 5016 1062 5073 fortasse
1086 5013 1165 5092 feeit,
1188 5020 1224 5072 ut
1238 5014 1454 5072 demonstraret
1476 5014 1552 5070 hanc
1576 5033 1695 5088 qnoque
1717 5013 1751 5071 ad

438 5123 518 5182 idem
547 5129 651 5184 votum
679 5122 838 5200 pertinere.
888 5121 1027 5177 Ceterum
1047 5116 1125 5197 serit
1149 5124 1310 5193 utrumque
1336 5116 1430 5193 magis
1456 5117 1492 5175 de
1525 5116 1681 5176 dedicante
1706 5116 1751 5173 in-

437 5227 640 5302 tellegendum
667 5247 757 5303 quam
785 5227 821 5284 de
848 5223 1010 5300 sculptore3
1042 5221 1101 5280 nisi
1129 5222 1209 5281 idem
1237 5225 1327 5280 horno
1355 5229 1385 5279 et
1412 5220 1491 5280 vovit
1513 5229 1543 5280 et
1570 5221 1652 5281 lecit
1696 5222 1750 5278 Ars
1858 5220 1859 5257 l
