3798 5910
579 496 757 579 uvnonvn
784 528 1052 580 sancvnamvu.
1403 510 1475 581 305

194 700 292 758 valem
314 710 447 759 actorum
468 710 635 760 nostrorum
659 684 724 760 eius
746 702 838 759 filium
862 719 929 759 esse
944 703 1038 760 voluit
1059 702 1178 760 aliunde
1201 702 1347 778 ignotum3
1369 721 1385 759 e
1407 722 1475 760 oon-

193 803 287 860 trario
313 803 395 861 Hula
421 802 584 862 Cornutum
613 811 744 861 actorum
772 814 937 862 nostrorum
971 804 1074 862 statuit
1099 803 1190 862 fuisse
1218 805 1338 861 Arvalis
1365 823 1475 881 cogno·

193 906 283 963 minis
305 916 438 963 actorum
461 925 488 965 a.
506 907 553 963 14.
574 905 622 962 70.
643 903 678 962 7]
706 907 812 963 mortui
836 906 975 983 praetorii
999 926 1026 963 a,
1044 905 1082 962 74
1105 915 1218 981 patrem
1242 906 1298 964 hoc
1320 907 1385 964 solo
1407 907 1474 965 loeo

190 1009 386 1066 nominatum.
423 1009 537 1066 Haeret
558 1009 647 1085 igitur
668 1025 714 1066 res
737 1008 767 1065 in
789 1008 844 1066 hoc
866 1009 986 1066 homine
1008 1022 1068 1066 tam
1089 1007 1233 1065 Henzeno
1254 1027 1342 1083 quam
1362 1008 1473 1080 Hulae;

190 1130 260 1168 nam
277 1108 440 1169 Cornutum
464 1119 567 1168 neuter
588 1110 659 1168 alibi
682 1110 796 1168 invenit
817 1129 873 1167 suo
895 1129 974 1168 anno
996 1121 1107 1186 aptum.
1144 1111 1250 1167 Potest
1268 1109 1349 1167 Hula
1371 1131 1472 1170 verum

190 1213 316 1283 vidisse3
339 1213 390 1271 sed
413 1212 531 1270 facilius
554 1211 753 1270 admittemus·
765 1221 878 1289 patrem
903 1213 1048 1270 nominari
1065 1213 1094 1268 in
1111 1211 1185 1270 actis
1202 1213 1356 1270 Arvalium
1379 1232 1405 1270 a.
1427 1216 1471 1271 14.

189 1315 240 1372 70.
258 1314 306 1372 tt.
324 1313 372 1386 77,
394 1314 485 1373 filium
508 1314 680 1372 defunctum
702 1331 768 1372 esse
791 1315 970 1390 praetorium
994 1334 1020 1371 a.
1039 1313 1088 1371 74.
1125 1313 1202 1372 Nam
1227 1334 1292 1371 cum
1315 1322 1401 1373 extra
1419 1315 1472 1374 du·

188 1417 269 1474 bium
298 1418 339 1475 sit
365 1417 460 1475 fuisse
487 1416 551 1474 eius
579 1416 708 1474 nominis
737 1417 814 1474 duos
842 1416 935 1486 viros,
963 1417 1005 1474 ita
1027 1415 1131 1474 saltem
1163 1436 1253 1474 unum
1282 1416 1377 1476 solum
1405 1418 1470 1476 eius

186 1518 318 1578 nominis
340 1520 513 1578 habebimus
537 1518 688 1577 Arvalem.

145 1673 201 1732 Cn.
225 1675 394 1751 Dom[itiaa]
490 1680 532 1743 (v.
548 1673 591 1749 4).

183 1775 346 1835 Latarculo
367 1777 435 1833 anni
458 1777 514 1834 733
532 1774 587 1835 Cn.
605 1774 755 1834 Domitius
777 1794 881 1852 parum
905 1785 993 1852 aptus
1015 1786 1074 1847 est3
1098 1795 1166 1834 nam
1189 1775 1226 1862 de
1247 1796 1306 1852 quo
1329 1778 1470 1855 cogitavit

185 1878 267 1937 Hula
294 1876 349 1937 Cn.
371 1878 525 1937 Domitius
552 1878 657 1937 consul
686 1897 711 1937 a.
730 1878 785 1934 701
817 1886 846 1935 et
872 1878 976 1936 iterum
1004 1898 1031 1935 a.
1048 1879 1123 1949 714,
1156 1887 1243 1936 natus
1271 1889 1338 1937 ante
1363 1899 1389 1937 a.
1407 1881 1468 1939 660

185 1982 235 2039 vix
260 2000 339 2039 anno
365 1981 419 2038 illo
446 1990 546 2055 potest
570 1981 599 2038 in
627 1981 753 2057 collegio
779 1980 883 2051 fuisse,
911 1979 1003 2038 multo
1030 1981 1127 2038 minus
1149 1981 1195 2038 vir
1216 1990 1338 2039 exactae
1360 1984 1467 2041 aetatis

183 2093 216 2141 et
244 2084 291 2142 bis
319 2083 424 2142 consul
451 2083 491 2141 ibi
521 2083 696 2141 adhaesisse
726 2083 793 2141 loco
820 2092 962 2141 extremo.
988 2115 1024 2125 —
1048 2081 1162 2141 Contra
1189 2083 1351 2142 laterculus
1374 2085 1399 2143 si
1422 2094 1469 2143 est

183 2205 213 2242 a.
230 2183 281 2257 77,
304 2195 382 2244 recte
403 2186 582 2263 cogitabitur
609 2186 645 2242 de
667 2184 721 2244 Cn.
746 2184 880 2244 Domitio
903 2185 1103 2243 Ahenobarbo
1126 2186 1249 2243 consule
1274 2206 1300 2244 a.
1317 2185 1356 2245 37
1384 2197 1468 2263 patre

182 2289 374 2364 imperatoris
389 2287 530 2358 Neronis,
553 2308 638 2364 quem
662 2297 729 2345 acta
751 2289 810 2346 alia
832 2289 985 2345 nominant
1007 2288 1044 2344 ab
1068 2307 1094 2344 a.
1111 2285 1148 2345 77
1172 2287 1210 2345 ad
1233 2307 1260 2345 a.
1276 2288 1314 2347 39
1337 2297 1366 2345 et
1388 2298 1467 2347 recte

182 2408 304 2466 quoque
326 2402 386 2448 tum
409 2390 537 2448 fortasse
553 2410 589 2448 ne
612 2390 777 2465 praetorius
799 2389 917 2465 quidem
939 2389 1102 2447 collocatur
1116 2390 1183 2448 loco
1205 2400 1347 2449 extremo.
1383 2389 1466 2450 Gens

182 2503 281 2550 autem
299 2492 432 2550 Domitia
454 2493 496 2550 ita
517 2501 588 2550 nota
609 2502 664 2563 est,
688 2501 720 2549 ut
734 2493 785 2549 vix
806 2491 893 2548 liceat
915 2492 992 2549 huno
1014 2492 1109 2550 locum
1132 2492 1267 2569 accipere
1289 2493 1325 2550 de
1348 2493 1466 2550 homine

182 2606 337 2671 praeterea
358 2597 470 2672 ignoto.
507 2593 565 2652 Hic
584 2595 674 2669 igitur
695 2613 761 2652 cum
776 2593 911 2652 Henzeni
934 2594 1079 2652 sententia
1101 2595 1212 2671 optime
1233 2594 1379 2666 convenit,
1402 2594 1464 2652 Hu-

181 2698 282 2755 lanam
304 2697 448 2773 infringit·

137 2851 194 2914 Gn.
218 2851 373 2929 Pompeias
397 2852 475 2927 Q.s.
498 2853 539 2927 (v.
555 2853 583 2912 6.
607 2852 666 2926 10).

178 2954 306 3014 Praeter
327 2966 394 3014 acta
414 2956 496 3028 haec,
519 2973 594 3031 quae
617 2951 672 3015 Cu.
694 2953 870 3031 Pompeium
894 2952 931 3028 Q.
954 2955 974 3011 f.
996 2955 1158 3013 ostendunt
1179 2959 1351 3031 magistrum
1374 2957 1464 3015 colle-

178 3057 231 3133 gio
252 3058 419 3134 praefuisse
441 3077 519 3116 anno
541 3064 593 3114 aut
608 3057 669 3114 734
690 3066 742 3114 aut
763 3075 790 3132 p.
804 3054 874 3115 cur.
892 3055 941 3125 78,
964 3057 1150 3133 cognominis
1174 3058 1218 3114 vir
1244 3057 1372 3116 occurrit
1394 3077 1463 3115 cou-

179 3159 227 3217 sul
255 3159 396 3218 suffectus
423 3179 450 3218 a.
468 3160 527 3218 773
554 3160 585 3217 in
609 3159 694 3217 fastis
715 3157 879 3217 Venusinis
901 3168 932 3215 et
953 3140 1159 3218 Amiterninis.
1203 3159 1278 3217 Item
1301 3160 1461 3219 secundum

177 3271 248 3320 acta
269 3263 423 3321 Arvalium
446 3282 473 3320 a.
489 3280 516 3338 p.
534 3259 605 3319 chr.
630 3262 667 3319 14
691 3261 739 3318 die
759 3259 830 3318 Mai.
850 3261 885 3318 14
908 3260 985 3318 inter
1006 3279 1058 3319 eos
1081 3262 1130 3337 qui
1154 3261 1313 3321 adfuerunt
1333 3262 1460 3338 primum

178 3364 276 3422 locum
300 3374 380 3423 tenet
405 3365 455 3424 dn.
478 3364 630 3440 Pompeius
653 3362 688 3433 Q.
704 3365 733 3437 s.
755 3361 918 3438 eodemque
940 3381 1018 3420 anno
1040 3366 1070 3421 in
1093 3363 1183 3422 locum
1205 3363 1256 3422 Ga.
1413 3384 1462 3420 co-

180 3475 301 3540 optatus
328 3477 376 3526 est
398 3509 426 3525 ..
448 3467 600 3542 Pompeias
625 3484 728 3540 ocyor.
782 3462 919 3540 Denique
946 3465 975 3522 iu
1003 3465 1077 3523 actis
1104 3483 1198 3541 nuper
1225 3471 1350 3542 repertis
1378 3486 1404 3523 a.
1421 3467 1461 3524 70

177 3568 255 3626 iuter
281 3587 332 3628 eos
357 3571 406 3646 qui
435 3570 594 3627 adsuerunt
616 3569 721 3626 ultimo
750 3568 816 3627 loco
845 3575 1013 3625 recensetur
1044 3565 1084 3627 On
1086 3608 1190 3628 .....
1218 3587 1319 3644 aupar.
1367 3568 1460 3627 Hisce

176 3671 253 3729 aetia
276 3672 343 3730 anni
359 3671 398 3728 70
420 3691 523 3748 parum
546 3680 616 3747 apte
637 3671 825 3729 inseruerunt
847 3688 953 3728 nomeu
976 3667 1110 3737 Lentuli,
1139 3689 1206 3727 nam
1229 3688 1410 3747 quamquam
1434 3671 1460 3729 is

176 3774 295 3832 advixit
316 3773 353 3830 ad
376 3791 404 3830 a.
420 3771 460 3831 77
482 3772 622 3847 (Tacitus
637 3770 712 3830 ann.
736 3771 765 3842 7,
782 3772 850 3846 59),
878 3771 922 3828 vir
948 3772 1057 3830 summi
1079 3772 1200 3830 honoris
1221 3781 1251 3831 et
1272 3773 1459 3849 grandaevus

176 3876 260 3934 nullo
281 3876 369 3934 modo
391 3884 525 3933 extremo
546 3874 613 3932 loco
635 3874 774 3933 collocari
798 3873 903 3949 potuit.
947 3872 1060 3932 Contra
1081 3886 1159 3933 reete
1182 3875 1229 3932 hio
1251 3875 1348 3934 locum
1373 3877 1460 3934 habet

176 4018 205 4032 ..
236 3977 387 4052 Pompeius
420 3996 514 4052 caspar
540 3977 591 4034 ille
624 3976 756 4035 adlectus
786 3985 854 4034 ante
886 3993 980 4034 annos
1013 3994 1124 4051 paucus
1151 3995 1245 4052 neque
1277 3977 1458 4047 consularis3

176 4079 252 4136 unde
281 4079 340 4136 iam
369 4088 487 4137 constat
515 4078 552 4136 de
578 4078 769 4156 praenomine
799 4079 879 4147 eius,
907 4077 985 4153 quod
1015 4098 1053 4135 ex
1082 4080 1156 4137 actis
1185 4098 1212 4137 a.
1231 4080 1268 4136 14
1297 4079 1456 4154 excidit1).

175 4180 311 4238 indidem
340 4181 514 4257 colligemus
540 4179 677 4241 Gnaeum
705 4200 787 4251 eum,
815 4180 845 4236 iu
874 4180 958 4238 cuius
987 4181 1084 4239 locum
1113 4181 1271 4249 successit,
1298 4181 1349 4238 vix
1378 4189 1458 4239 recte

174 4282 255 4340 credi
278 4300 345 4340 esse
369 4280 422 4341 Cn.
447 4283 621 4359 Pompeium
645 4281 682 4357 Q.
705 4283 725 4341 l'.
751 4282 933 4340 nominatum
956 4282 1033 4340 inter
1055 4292 1226 4357 praesentes
1250 4301 1350 4342 mense
1377 4284 1457 4342 Maio

174 4385 243 4442 anni
273 4385 419 4453 eiusdem,
446 4404 528 4454 nam,
557 4394 589 4443 ut
614 4393 692 4443 recto
714 4384 884 4442 observavit
906 4384 1091 4460 Borghesius
1113 4384 1242 4461 (opp.3‚
1261 4385 1349 4460 134),
1377 4367 1456 4460 qubd

173 4487 292 4545 additur
320 4506 415 4563 aanor
442 4488 569 4565 flagitat,
596 4497 629 4545 ut
656 4487 713 4544 duo
742 4487 932 4563 cognomines
956 4485 1010 4544 viri
1037 4496 1097 4545 tum
1125 4488 1155 4546 in
1182 4488 1310 4566 collegio
1337 4487 1455 4547 fuerint.

174 4588 359 4647 Habebimus
386 4608 453 4661 eos,
484 4589 531 4646 ubi
560 4590 717 4647 statuimus
744 4587 800 4647 Cn.
824 4589 999 4664 Pompeium
1027 4589 1065 4665 Q.
1089 4591 1109 4649 l.
1138 4601 1332 4650 memoratum
1355 4609 1455 4647 mense

172 4692 253 4748 Maio
276 4701 307 4749 et
328 4688 381 4749 Cn.
406 4691 580 4766 Pompeium
610 4710 749 4768 augurem
773 4691 919 4750 adlectum
944 4711 1045 4750 mense
1067 4693 1225 4751 Decembri
1248 4693 1336 4751 simul
1359 4711 1455 4750 sacer·

172 4794 285 4850 dotium
316 4794 456 4851 tenuisse.
507 4793 569 4851 Iam
600 4802 756 4868 postquam
790 4794 1058 4852 demonstravimus
1088 4794 1118 4852 in
1147 4794 1271 4871 collegio
1300 4794 1453 4852 Arvalium

171 4895 248 4951 duos
276 4894 367 4954 luisse
389 4893 445 4954 (ln.
469 4894 643 4972 Pompeios,
670 4895 825 4954 videndum
854 4906 900 4953 est
919 4896 957 4951 de
979 4895 1186 4954 distributione
1208 4894 1452 4953 testimoniorum.

208 5197 231 5259 1)
257 5199 360 5249 Erravit
377 5200 454 5264 igitur
473 5199 628 5265 Borghesius
648 5216 708 5266 opp.
728 5200 822 5262 3,134
842 5201 949 5253 Sextum
969 5216 1027 5250 eum
1046 5201 1123 5250 luisse
1142 5208 1263 5251 statuens.

172 5306 357 5366 Enaesimus
381 5324 483 5366 aaron.
510 5308 678 5367 voulllll.
1210 5310 1248 5366 20
