3816 5912
592 494 771 549 LVDORVM
797 493 1065 548 saucvnnsivn.

247 980 355 1042 LVDI
383 980 656 1044 ssucvbasss
682 981 868 1043 AVGVSTI
892 982 948 1041 ET
970 977 1261 1055 ANTIQVIORES
1288 979 1360 1039 REI
1386 978 1421 1038 P.

736 1104 933 1163 LIBERAE.

246 1288 424 1350 Saecularis
446 1293 610 1368 antiquitus
626 1292 707 1351 edita
722 1309 789 1351 esse
805 1290 862 1350 diis
884 1292 988 1351 inferis
1002 1290 1068 1350 Diti
1091 1300 1120 1349 et
1133 1289 1334 1366 Proserpinae
1356 1288 1394 1347 ad
1415 1306 1497 1346 aram

161 1392 225 1451 XX
255 1394 383 1469 pedibus
410 1394 465 1453 sub
487 1395 577 1453 humo
604 1395 795 1453 constitutam
822 1394 985 1453 immolatis
1012 1394 1118 1452 hostiis
1144 1393 1254 1463 furvis,
1283 1391 1396 1450 scilicet
1421 1390 1497 1448 bore

160 1494 249 1571 nigro
272 1503 303 1554 et
325 1514 415 1555 vacca
436 1499 522 1573 nigra
544 1497 799 1573 sollemnibusque
825 1515 880 1573 per
900 1505 961 1555 tres
984 1507 1087 1555 noctes
1110 1495 1291 1554 continuatis
1317 1512 1384 1552 eum
1406 1499 1496 1551 testa·

161 1607 224 1655 tum
248 1594 463 1674 habeamus1),
485 1599 533 1659 his
556 1599 705 1659 celebrata
727 1599 783 1658 snb
804 1600 952 1675 Angusto,
976 1599 1142 1675 dequibus
1164 1598 1251 1657 nobis
1273 1596 1421 1674 agendum
1442 1606 1496 1666 est,

160 1700 277 1757 similia
298 1702 393 1780 magis
414 1702 537 1761 fuerunt
557 1720 645 1778 qnam
668 1701 780 1760 eadem.
819 1700 1015 1761 Descendunt
1036 1710 1160 1777 utraque
1186 1720 1225 1760 ex
1247 1699 1428 1759 carminibus
1451 1694 1498 1756 Si-

160 1800 302 1877 byllae²)
330 1811 360 1861 et
386 1807 555 1864 eommunia
581 1806 692 1864 habent
717 1823 784 1862 cum
811 1803 908 1862 locum
938 1812 997 1864 tum
1026 1804 1155 1862 trinoctii
1182 1802 1270 1860 ludos
1297 1809 1327 1861 et
1353 1801 1495 1859 sellister-

159 1903 261 1981 nia³).
309 1903 367 1966 Sed
389 1906 489 1966 differt
510 1908 661 1966 saeculum
683 1907 713 1964 in
734 1906 835 1983 priore
855 1907 961 1967 ordine
982 1925 1128 1974 annorum
1149 1904 1317 1980 eentum4),
1340 1905 1371 1962 in
1394 1906 1494 1981 Augu·

161 2014 208 2065 sto
232 2026 379 2066 annorum
402 2020 517 2069 eentum
539 2018 570 2069 et
591 2008 742 2085 deceml),
765 2011 881 2086 etipse
905 2010 1024 2069 saeculo
1045 2010 1088 2069 ita
1102 2007 1266 2080 differente,
1289 2007 1407 2065 diverso
1422 2024 1495 2084 quo·

160 2128 217 2185 qne
244 2110 411 2189 principio,
442 2111 608 2172 saecularia
632 2122 759 2189 utraque
784 2112 920 2171 incidant
945 2130 1066 2171 necesse
1094 2119 1140 2171 est
1169 2112 1199 2169 in
1225 2128 1320 2169 anuos
1347 2109 1492 2187 dispares.

159 2210 315 2272 Differunt
340 2215 412 2273 item
438 2215 566 2275 hostiae:
594 2215 649 2274 bos
671 2217 774 2274 furvus
798 2222 827 2273 et
848 2233 939 2273 vacca
959 2215 1059 2287 furva,
1087 2215 1139 2289 qui
1166 2213 1224 2272 soli
1249 2212 1442 2272 immolantur
1462 2211 1494 2269 in

160 2315 391 2391 antiquioribus,
418 2317 449 2375 in
471 2318 566 2377 sacris
588 2318 735 2394 Augustis
757 2336 817 2375 non
840 2326 1025 2394 comparent;
1052 2316 1245 2376 immolantur
1265 2317 1296 2373 in
1318 2315 1366 2374 his
1387 2333 1403 2372 e
1425 2332 1493 2372 eon·

160 2418 255 2474 traria
282 2417 400 2478 hostiae
427 2432 588 2479 noeturnae
614 2439 706 2497 porea
731 2430 760 2478 et
785 2439 882 2498 agnae
907 2434 936 2479 et
962 2438 1070 2496 oaprse
1097 2420 1201 2478 furvae
1228 2435 1345 2491 omnes,
1372 2416 1493 2476 diurnae

159 2518 252 2578 boves
276 2521 349 2579 albi.
381 2521 536 2582 Differunt
557 2523 695 2582 similiter
709 2522 838 2581 numina.
871 2522 929 2582 Dis
951 2532 1035 2600 pater
1056 2529 1086 2581 et
1100 2521 1291 2598 Proserpina,
1312 2520 1420 2597 quibus
1442 2519 1494 2577 illa

160 2618 339 2699 edunturt),
362 2642 456 2700 neque
477 2625 508 2681 in
523 2625 645 2684 oraculo
661 2626 850 2685 nominantur
865 2644 960 2702 neque
982 2627 1013 2683 in
1028 2624 1103 2683 actis
1123 2643 1219 2700 neque
1234 2626 1265 2682 in
1281 2624 1412 2683 carmine
1435 2621 1493 2680 sol·

159 2723 261 2797 lemni,
288 2736 319 2784 et
340 2727 419 2802 qnod
443 2728 633 2787 nominantur
654 2727 733 2804 apud
755 2728 919 2799 Zosimum,
941 2728 1062 2787 omnino
1084 2726 1220 2803 procedit
1241 2746 1279 2785 ex
1301 2736 1492 2801 utrorumque

160 2828 359 2887 saecularium
381 2847 458 2905 quae
484 2830 563 2908 apud
589 2830 727 2907 antiquos
755 2840 890 2890 auctores
913 2832 1025 2890 obtinet
1051 2828 1327 2906 perturbatione⁷),
1356 2845 1493 2904 quaeque

160 2949 229 2988 rere
251 2948 346 2989 cause
366 2932 510 3007 primaria
531 2944 578 2991 est
598 2950 731 2992 errorum
753 2933 808 2991 has
830 2935 1018 3010 quaestiones
1040 2932 1241 2992 insidentium.
1280 2928 1493 2990 Centenarium

161 3116 367 3127 --———.

237 3258 261 3321 ¹)
291 3260 446 3311 Praesertim
467 3268 546 3327 agunt
565 3261 597 3311 de
616 3263 647 3312 iis
661 3263 718 3314 Val.
732 3263 806 3313 Max.
821 3265 845 3325 2,
860 3262 917 3324 4‚5
937 3270 963 3312 et
980 3263 1097 3314 Zosimus
1111 3264 1136 3324 2,
1153 3262 1231 3312 1-4.
1262 3261 1360 3311 Auctor
1379 3274 1492 3310 commn-

161 3352 201 3402 uis
220 3353 278 3403 sine
298 3353 377 3403 dubio
390 3354 474 3404 Varro
494 3361 542 3416 est,
563 3369 639 3420 quem
658 3357 811 3407 nominatim
830 3356 892 3405 citat
911 3354 1068 3406 Censorinus
1089 3356 1131 3417 17,
1153 3356 1177 3404 8.

235 3442 261 3506 ²)
291 3447 367 3496 Iussu
388 3445 502 3510 Sibyllae
521 3447 649 3498 celebrata
668 3456 727 3498 sunt
745 3449 889 3499 saecularia
911 3464 935 3498 a.
954 3464 980 3498 u.
1000 3464 1021 3498 e.
1043 3447 1095 3498 505
1121 3447 1214 3509 (Varro
1233 3445 1302 3511 apud
1323 3444 1492 3496 Censorinum

161 3536 178 3587 l.
197 3537 243 3600 a),
267 3540 422 3604 antiquioris
441 3540 540 3590 ordinis
559 3556 618 3590 vere
642 3541 737 3606 prima:
765 3556 830 3607 quae
850 3542 1018 3605 praecessisse
1037 3541 1157 3591 dicuutur
1176 3540 1246 3591 edita
1264 3554 1297 3589 ex
1316 3540 1427 3590 oraculis
1446 3539 1492 3589 do-

163 3632 284 3695 mesticis,
306 3632 361 3682 siue
379 3632 458 3682 dubio
477 3631 549 3684 nulla
567 3633 678 3683 fuerunt.

236 3721 261 3785 ²)
293 3722 456 3775 sellisternia
474 3726 543 3790 apud
557 3727 690 3778 Valerium
709 3726 853 3777 Maximum
874 3726 912 3776 bis
931 3726 1036 3792 praebet
1049 3726 1151 3776 Paridis
1170 3727 1288 3789 epitome,
1308 3725 1352 3774 nbi
1372 3723 1491 3774 ecana·

160 3815 204 3864 nia
228 3816 289 3866 libri
313 3819 417 3882 integri:
444 3818 507 3867 illud
526 3833 614 3868 rerum
634 3835 689 3870 esse
709 3826 872 3870 aotanostra
891 3820 1066 3869 declarantes
1090 3818 1173 3883 potnit
1192 3816 1306 3883 intellegi
1326 3824 1384 3867 ante
1403 3832 1434 3867 ea
1452 3817 1491 3867 in·

162 3915 245 3970 renue
266 3924 327 3959 nam
347 3918 405 3961 utra
424 3912 500 3961 lectio
519 3927 567 3976 pro
586 3913 742 3977 interpolata
760 3912 880 3962 habenda
898 3912 939 3973 sit,
961 3912 1056 3976 peritus
1075 3926 1152 3961 nemo
1172 3911 1291 3975 ambiget.

235 3999 261 4063 ⁴)
290 4003 376 4053 Varro
395 4004 464 4067 apud
484 4003 654 4055 Censorinum
673 4005 689 4054 l.
710 4021 746 4055 a:
771 4021 826 4054 cnm
910 4002 990 4054 libros
1008 4000 1147 4069 Sibyllinos
1165 3999 1245 4053 Xviri
1262 4001 1380 4063 adissent,
1399 4016 1490 4052 renun-

164 4091 262 4153 tiarunt,
284 4095 324 4143 nti
341 4092 399 4144 Diti
416 4097 491 4163 patri
509 4103 533 4146 et
550 4095 722 4164 Proserpinae
817 4095 872 4146 ludi
890 4097 1018 4147 centesimo
1038 4112 1132 4163 qaoque
1151 4113 1216 4146 anno
1234 4096 1332 4164 fierent.

235 4184 261 4250 ⁵)
292 4185 404 4250 Sibylla:
431 4176 627 4249 a'ltlt’o‘no'r'irn
651 4177 770 4255 μήκιστος
795 4180 834 4260 ἵκῃ
860 4177 954 4260 xpiane
974 4181 1132 4256 ἀνθρώποισι
1155 4186 1231 4253 ζωῆς,
1259 4187 1294 4245 alc
1317 4183 1387 4237 laius
1407 4173 1490 4237 lauris

163 4269 217 4326 ttae
240 4267 329 4327 κῦκλον
350 4267 445 4328 idedun.
485 4282 553 4332 Acta
571 4297 594 4332 v.
610 4280 656 4331 25:
682 4278 856 4348 [s]ucrtfloium
879 4281 1008 4332 saeculare
1032 4280 1152 4348 ludosque
1176 4283 1219 4348 qai
1242 4282 1370 4333 centesimo
1389 4287 1413 4331 et
1435 4278 1489 4342 d[e·

163 4369 221 4419 nno
244 4387 312 4421 anno
336 4371 485 4436 rennuunt}
524 4374 647 4426 Horatius
667 4377 715 4425 21:
739 4381 822 4425 entus
843 4375 954 4425 undenos
973 4373 1072 4425 deciam
1091 4390 1140 4442 per
1159 4391 1238 4425 aranos
1261 4372 1330 4424 ordis
1352 4380 1380 4423 ut
1402 4379 1490 4424 canus
1583 4366 1587 4373 '

162 4460 300 4530 resnalqroe
319 4462 401 4515 ludos.

237 4553 262 4617 ⁶)
292 4558 376 4607 Varro
395 4557 423 4619 (l.
437 4576 458 4608 c.
479 4559 540 4609 adn.
554 4558 597 4621 4);
620 4561 712 4610 Festus
730 4575 754 4609 v.
774 4560 918 4611 saeculares
937 4576 961 4625 p.
978 4560 1031 4610 329
1051 4566 1077 4610 et
1094 4575 1118 4609 v.
1139 4566 1267 4610 tarentum
1285 4576 1311 4624 p.
1325 4559 1387 4609 351.

237 4644 260 4709 ⁷)
289 4650 407 4701 Zosimus
426 4650 539 4703 scribens
558 4653 609 4703 sic:
635 4640 729 4701 θύουσι
750 4648 777 4700 li
801 4652 874 4708 &rete
893 4649 942 4701 Aa
965 4649 1005 4701 καὶ
1021 4638 1094 4719 Ἥρᾳ
1119 4649 1159 4701 uel
1182 4628 1331 4700 ’Anllluvl
1349 4646 1390 4700 sul
1408 4650 1490 4712 Λητοῖ

164 4730 203 4786 aul
219 4732 350 4808 'Apriprdr
369 4739 409 4791 sal
427 4739 532 4810 προσὶτι
550 4759 578 4811 ys
595 4739 706 4811 Μοίραις
723 4737 766 4794 aul
782 4738 948 4802 Εἰλειθυίαις
966 4742 1006 4794 ael
1019 4729 1098 4814 Ἀιδῃ
1117 4741 1158 4794 aul
1172 4730 1319 4816 Περσεῴἆνῃ
1339 4760 1396 4795 eum
1415 4757 1488 4808 prae·

165 4835 350 4899 terea·egregie
370 4837 506 4887 conveniat
526 4852 583 4887 carn
603 4839 716 4888 carmine
736 4839 849 4903 actisque
867 4844 967 4888 retenta
985 4837 1051 4887 adeo
1070 4837 1250 4888 distributione
1269 4852 1399 4888 sacrorum
1419 4836 1487 4886 diur-

165 4938 252 4975 norum
271 4933 503 4993 nocturnorumque
528 4938 553 4978 et
576 4931 603 4979 in
622 4931 736 4995 utrisque
756 4932 823 4980 iusto
843 4931 948 4993 ordine,
975 4945 1005 4980 eo
1025 4931 1129 4980 nomine
1149 4931 1209 4980 inde
1228 4928 1347 4994 discedit,
1373 4928 1442 4995 quod
1461 4929 1488 4977 iu

165 5014 212 5065 due
235 5019 308 5069 addit
327 5019 415 5070 Ditem
439 5029 464 5069 et
483 5022 671 5088 Proserpinam.
710 5023 762 5076 Sed
781 5039 838 5075 cum
858 5023 998 5074 seeundum
1023 5023 1197 5074 narrationem
1221 5023 1300 5087 ipsius
1324 5022 1377 5072 ludi
1399 5035 1486 5071 saecu-

168 5106 229 5159 lares
248 5110 294 5161 sub
306 5112 505 5178 imperatoribus
524 5115 644 5165 celebrati
664 5123 813 5179 repetantur
826 5117 858 5166 ab
874 5116 1068 5181 antiquioribus,
1088 5116 1185 5166 scilieet
1196 5117 1261 5165 rotis
1280 5114 1347 5165 male
1366 5113 1487 5178 neglectis

169 5207 191 5249 et
207 5201 274 5254 ludis
293 5205 452 5268 intermissis,
473 5206 509 5255 dii
529 5207 622 5258 horum
640 5208 771 5274 praesides
790 5209 934 5260 necessario
954 5209 987 5259 ad
1007 5207 1141 5259 elenchum
1160 5208 1271 5260 addendi
1289 5207 1401 5259 fuerunt.
