3816 5912
552 577 730 630 uvnonvu
756 577 1031 630 ssscvusmvn.
1382 557 1454 629 sol

281 748 428 827 [Hostius]
446 752 616 829 precipiens
637 753 769 829 explicat
783 752 894 812 Festus
916 771 944 829 p.
962 750 1036 811 250:
1056 754 1219 829 prodipuoc
1234 754 1341 812 600600
1355 772 1457 813 cocun-

332 862 389 925 tur,
409 864 442 913 ut
462 859 505 913 ait
524 854 672 928 Veranius,
694 874 768 932 quoe
782 864 998 916 consumuntur:
1020 856 1094 914 node
1108 856 1229 914 homiues
1245 874 1355 932 qnoque
1377 857 1458 916 luzu-

331 958 403 1015 rioci
423 959 549 1034 procliui.
587 958 635 1016 Ad
658 959 872 1017 vocabulorum
894 957 1008 1016 formas
1026 959 1168 1034 prodique
1184 959 1355 1035 prodr'pious
1378 976 1456 1018 com·

330 1059 429 1135 parari
451 1072 592 1137 poterunt
611 1063 707 1135 scotor
726 1063 859 1136 sertim,
881 1070 972 1119 status
994 1064 1125 1130 statinus,
1147 1070 1294 1136 tempestus
1317 1065 1456 1137 tempesti-

329 1181 390 1232 vus,
412 1172 492 1221 cotue
512 1166 631 1234 votivus,
652 1162 733 1222 item*
746 1164 784 1222 ad
806 1164 917 1223 formas
936 1165 1107 1240 prodipiouc
1122 1172 1151 1220 et
1168 1164 1331 1239 prodipuuc
1346 1163 1458 1222 similia

328 1268 443 1325 nonnus
468 1285 590 1336 nocuus,
618 1269 733 1326 cuncus
761 1285 879 1325 curuos.
915 1265 1051 1344 Intellegi
1074 1265 1211 1324 victimas
1233 1284 1340 1325 novem
1362 1284 1455 1343 agnas

328 1377 358 1425 et
385 1368 506 1427 totidem
533 1387 640 1447 coprus
665 1369 814 1446 colligitur
835 1387 874 1428 ex
901 1368 938 1427 iis
965 1385 1042 1444 quae
1069 1375 1233 1444 sequuntur
1255 1369 1286 1427 iu
1307 1369 1398 1428 actis:
1424 1369 1456 1428 iu

328 1471 458 1530 carmine
479 1472 597 1531 iubetur
612 1472 719 1532 civitas
740 1471 894 1531 immolare
916 1457 1005 1553 ἄρνας
1026 1493 1056 1527 τε
1075 1461 1124 1527 καὶ
1139 1459 1229 1547 αἶγας
1242 1462 1373 1538 κυανέας,
1395 1472 1454 1530 fur·

329 1592 382 1632 vas
405 1573 529 1647 scilicet,
551 1593 672 1634 numero
695 1593 754 1632 uon
777 1573 940 1647 enuntiato,
963 1593 1050 1652 quam
1064 1571 1181 1633 XVviri
1204 1573 1342 1634 videntur
1359 1574 1453 1634 decer-

326 1677 496 1736 minavissc.
530 1675 619 1750 Quod
641 1677 743 1736 scribit
765 1677 918 1737 Zosimus:
948 1671 961 1733 d
982 1665 1167 1758 αὐτοκράτωρ
1261 1677 1341 1759 τριῶν
1362 1699 1455 1760 παρα-

327 1771 549 1837 σκευασθέντων
563 1772 673 1846 βωμῶν
687 1781 758 1862 τρεῖς
779 1763 867 1863 ἄρνας
882 1768 952 1837 &dra
1047 1769 1095 1836 ucri
1117 1773 1184 1841 roric
1203 1770 1324 1846 bunede
1343 1775 1453 1836 καθαι-

324 1874 425 1961 μάξας
450 1878 601 1940 ὁλοκαυτεῖ
623 1875 661 1939 τὰ
687 1872 825 1950 θύματα,
852 1882 1057 1958 imperfectum
1085 1891 1133 1940 est
1159 1882 1248 1958 culpa
1276 1883 1453 1958 epitomato-

323 1984 416 2060 ris1).
457 1982 642 2044 Sacrificium
665 2003 758 2064 oguae
780 1994 810 2044 et
831 2004 940 2063 caprae
962 1985 1073 2044 factum
1095 2004 1114 2042 a
1134 1983 1311 2044 Domitiano
1333 2004 1451 2063 reprac-

324 2094 471 2146 se'ututum
492 2087 636 2147 habemus
659 2089 690 2147 in
712 2108 830 2147 nummo
853 2085 965 2164 eiusl).

174 2170 179 2176 ⁷
271 2189 383 2249 Achiuo
405 2194 475 2250 ritu:
503 2211 530 2250 v.
553 2210 581 2267 p.
599 2188 669 2251 257.

115 2345 177 2419 die
204 2345 326 2446 primo
353 2345 432 2420 Iovi
458 2372 493 2420 v.
516 2348 600 2420 103.
633 2350 721 2420 104:

245 2484 278 2558 l.
307 2484 388 2560 Iun.
417 2484 456 2560 rit
483 2483 656 2585 Capitolio
684 2485 800 2560 bovem
832 2486 996 2585 m[u]reuc
1022 2483 1102 2559 Iovi
1130 2483 1260 2584 optimo
1292 2484 1449 2559 maxumo

417 2606 609 2708 proprium
643 2605 829 2682 unmolooc't
861 2608 947 2707 imp.
984 2603 1117 2683 Cacsar
1149 2606 1348 2706 Anquotue,
1382 2605 1448 2681 lbi-

427 2729 506 2805 dem
535 2728 538 2829 l
567 2731 718 2805 clinum
743 2729 799 2806 M.
820 2727 1001 2839 Aprippu:
1022 2728 1198 2829 p[re]cotr'
1222 2742 1340 2804 notun
1366 2741 1450 2805 root

422 2850 483 2925 ita.

268 2992 386 3070 Sibylla
407 2994 527 3054 iubente
549 2993 586 3051 ud
609 3012 691 3053 aram
710 2993 793 3053 lovis
814 2993 1007 3053 immolantur
1028 2983 1181 3051 πᾶνλιυκοι
1203 2995 1299 3074 ταῦροι
1321 3012 1446 3054 numero

319 3116 380 3155 non
403 3097 498 3176 magis
513 3096 643 3155 definito.
678 3092 768 3169 Quod
790 3095 868 3174 apud
890 3106 1009 3173 poetam
1031 3098 1062 3155 iu
1077 3097 1207 3156 carmine
1228 3096 1318 3154 biduo
1341 3104 1446 3174 postea

319 3207 438 3259 canum
460 3220 488 3258 v.
505 3198 543 3257 43
559 3200 716 3277 Augustus
737 3198 845 3257 dicitur
866 3198 939 3257 deos
955 3199 1089 3258 venerari
1110 3199 1196 3258 bobus
1218 3199 1304 3271 albic,
1326 3201 1387 3259 iam
1402 3201 1444 3259 vi·

319 3302 418 3362 dimus
441 3301 548 3379 (supra
568 3319 597 3376 p.
614 3298 688 3377 356)
711 3301 858 3376 pertinere
886 3301 923 3359 ad
944 3300 1048 3360 Iovem
1069 3300 1289 3378 Iunonemque,
1317 3321 1444 3380 quorum

319 3405 442 3481 propria
462 3404 611 3463 invocatio
633 3402 713 3481 apud
734 3402 892 3463 Horatium
915 3403 999 3463 nullu
1024 3404 1067 3463 fit.
1115 3405 1184 3464 Hoc
1211 3424 1330 3484 quoque
1356 3406 1443 3467 bovis

318 3507 495 3567 sacrificium
521 3514 728 3584 repraesentat
755 3523 892 3565 nummus
916 3505 1079 3566 Domitiani
1090 3505 1129 3584 ³).
1156 3541 1198 3551 -
1223 3508 1350 3585 Propria
1377 3529 1444 3568 oum

317 3610 438 3669 victima
458 3610 566 3669 dicitur
588 3617 617 3668 et
638 3609 687 3668 hic
714 3618 791 3666 etv.
812 3607 879 3681 136,
905 3609 1084 3668 vocabulum
1111 3611 1249 3670 similiter
1269 3622 1443 3688 usurpatum

316 3715 347 3772 in
367 3732 401 3772 re
423 3729 507 3772 sacra
528 3711 676 3789 reperitur
702 3709 782 3786 apud
801 3710 967 3789 Vergilium
993 3711 1049 3791 egl.
1068 3713 1096 3785 7,
1120 3713 1156 3772 31
1187 3725 1255 3789 post
1281 3713 1442 3774 dedicatio·

316 3835 382 3875 nem
405 3815 526 3874 factum:
549 3817 577 3872 ui
594 3817 748 3889 proprium
766 3813 818 3873 lroc
832 3817 927 3890 suerit
947 3824 976 3873 et
991 3816 1067 3874 Aen.
1081 3814 1110 3887 6,
1126 3814 1203 3875 872:
1226 3821 1341 3875 nimium
1362 3818 1442 3878 uobis

314 3919 447 3977 Romano
467 3935 602 3994 propopo
622 3919 687 3975 oica
708 3927 824 3993 potens,
852 3920 961 3992 rupert,
986 3922 1113 3995 propriu
1134 3920 1204 3978 laec
1224 3923 1250 3979 ci
1271 3921 1347 3978 douo
1361 3922 1440 3995 suic-

317 4030 387 4080 ucnt.
441 4017 617 4095 Comparari
643 4027 770 4095 possunt
795 4019 866 4077 item
895 4020 1027 4095 precatio
1054 4022 1132 4100 apud
1160 4020 1291 4081 Gellium
1320 4022 1373 4096 13,
1400 4020 1438 4082 83

315 4121 436 4200 [32],11
464 4121 573 4182 relata:
600 4124 642 4180 uti
665 4122 751 4181 liceat
770 4125 878 4198 nuptiis
900 4126 1031 4199 propriis
1058 4133 1084 4182 et
1106 4128 1255 4201 prosperis
1282 4129 1324 4184 nti
1349 4143 1440 4201 quae·

315 4245 373 4305 qne
393 4224 514 4286 Nonius
535 4224 701 4302 composuit
722 4243 752 4301 p.
768 4223 826 4283 361
843 4222 935 4284 Mero.
978 4225 1053 4284 Mihi
1075 4227 1141 4286 visa
1163 4235 1209 4286 est
1230 4227 1350 4286 victima
1370 4247 1439 4304 pro·

312 4329 379 4408 pria
400 4328 460 4387 dici
480 4327 594 4387 numiui
620 4327 663 4398 ei,
691 4327 737 4385 cui
764 4326 935 4386 immolatur
960 4327 1041 4402 ideo,
1069 4329 1149 4407 quod
1179 4330 1259 4389 dono
1286 4330 1314 4388 ei
1341 4330 1437 4390 datur.

313 4430 374 4493 Sed
405 4429 577 4490 Fridericue
610 4426 730 4491 Schocll
763 4437 936 4506 comparato
969 4430 1035 4490 loco
1066 4431 1164 4491 Plauti
1193 4439 1271 4510 capt.
1293 4432 1354 4492 860
1373 4451 1437 4511 seq.

312 4532 487 4611 (secundum
509 4533 603 4592 libros
625 4531 783 4608 scriptos):
813 4534 876 4593 tube
896 4551 970 4592 cuso
990 4534 1039 4593 tilrr'
1057 4554 1130 4611 puer
1151 4536 1293 4613 adparari
1319 4537 1361 4595 od
1380 4555 1438 4595 rem

313 4639 438 4696 divinum
459 4639 512 4696 cito
534 4646 617 4711 atque
642 4654 745 4711 aquom
772 4635 885 4710 adferri
906 4640 1059 4714 proprium
1080 4643 1230 4716 proquam,
1258 4640 1329 4697 item
1356 4639 1437 4698 locu·

311 4740 443 4800 tionibus
465 4738 570 4816 quales
593 4738 660 4797 suni
682 4740 804 4797 uictoria
822 4742 946 4815 proprio
966 4738 1085 4815 (auctor
1104 4742 1177 4802 belli
1193 4742 1286 4800 Afric.
1304 4741 1353 4799 32.
1371 4740 1435 4818 82),

310 4846 462 4920 proprium
481 4841 618 4919 prndium
639 4840 715 4915 (1.0.
733 4840 798 4916 61),
820 4842 971 4902 existimat
991 4844 1135 4903 vocabulo
1156 4844 1318 4924 significari
1340 4844 1435 4921 quali·

104 5002 311 5013 -n—

181 5096 206 5157 ¹)
235 5095 349 5146 Dielsiur
368 5095 499 5146 existimat
516 5095 583 5161 τριτς
601 5092 668 5144 male
687 5106 789 5144 versum
808 5108 864 5146 esse
882 5109 915 5146 ex
933 5096 1126 5155 lctiuotcrrrce.

180 5186 206 5249 ²)
234 5187 331 5239 Eclrhcl
351 5188 376 5250 6,
396 5185 457 5237 386.
495 5185 586 5236 Cohen
605 5186 676 5237 ma
695 5187 776 5236 roll
797 5204 823 5252 p.
837 5187 890 5240 418
909 5205 936 5241 ιι.
951 5191 994 5243 81.

182 5276 207 5345 ²)
235 5280 332 5332 Eckhel
351 5281 377 5344 6,
396 5281 458 5332 386.
497 5278 617 5333 Cobcul
637 5295 663 5347 p.
677 5280 730 5333 478
750 5294 776 5335 n·
792 5281 834 5335 89·
