3746 5912
512 562 791 613 rusmvunurvu
816 560 1038 612 nouasrrovrr
1357 541 1431 614 483

114 758 221 830 posset
229 746 260 831 ¹).
298 750 456 810 Lammina
472 749 535 811 DE
553 749 685 827 longiori
699 749 781 827 scapi
803 750 941 809 bracchio
957 752 1047 810 affixa
1068 750 1142 811 olim
1164 750 1307 812 mobilem
1330 771 1434 812 ansam

113 857 167 916 vel
194 854 369 916 claviculam
398 855 539 937 gestarit,
566 856 647 915 unde
675 857 795 934 pondus
821 874 1000 934 suspensum
1029 853 1131 937 erat2).
1175 859 1260 916 Haec
1290 855 1435 918 clavicula

115 980 188 1021 cum
209 980 264 1021 suo
286 961 418 1039 pondere
441 959 581 1021 omnibus
604 959 747 1038 deinceps
768 958 919 1040 incisuris,
944 981 1021 1037 quae
1041 960 1075 1020 iu
1097 960 1252 1039 superiore
1272 961 1433 1022 lamminae

114 1065 252 1142 margine
263 1064 497 1145 conspiciuntur,
511 1064 605 1126 inseri
618 1071 744 1145 poterat,
758 1085 834 1142 quae
846 1086 905 1141 quo
920 1064 1045 1144 propius
1056 1066 1274 1126 extremitatem
1288 1064 1434 1142 longioris

114 1170 248 1230 bracchii
268 1171 499 1249 perducebatur,
528 1190 563 1229 eo
585 1170 683 1230 maius
709 1171 828 1248 pondus
849 1171 986 1230 lanculae
1008 1171 1226 1249 imponendum
1247 1169 1432 1252 aequabati).

204 1277 290 1334 Haec
304 1275 434 1355 lancula,
452 1275 538 1335 cuius
553 1275 811 1337 adumbrationem
831 1296 860 1353 p.
876 1278 935 1335 482
952 1277 1055 1356 habes,
1079 1296 1225 1355 suspensa
1239 1277 1298 1337 luit
1313 1298 1331 1335 a
1353 1276 1436 1354 scapi

114 1386 202 1457 parte
224 1400 359 1456 eaquae
381 1380 461 1440 inter
485 1378 514 1439 G
536 1387 567 1439 et
588 1381 617 1438 B
639 1380 790 1441 delineata
811 1388 870 1458 est;
894 1383 947 1441 sed
970 1401 1006 1441 ex
1028 1382 1084 1440 hac
1105 1383 1202 1457 figura
1223 1380 1301 1440 nihil
1324 1388 1376 1441 aut
1397 1382 1434 1441 dc

113 1483 233 1545 ratione
249 1490 301 1544 aut
316 1486 352 1543 de
369 1484 436 1544 loco
452 1484 659 1562 suspensionis
680 1486 820 1563 colligere
841 1486 920 1545 licet.
958 1487 1039 1561 Ergo
1061 1485 1094 1544 in
1109 1484 1253 1546 lammina
1269 1484 1332 1544 DE
1349 1486 1434 1545 illam

113 1588 282 1649 incisuram
297 1608 484 1670 quaeramus,
507 1588 540 1648 in
556 1610 615 1665 qua
629 1591 773 1670 normale,
795 1596 831 1649 ut
852 1590 895 1650 ita
917 1588 1024 1669 dicam,
1048 1589 1259 1665 aequilibrium
1282 1590 1435 1650 observari

113 1699 243 1770 poterat
287 1694 465 1771 Perspicuae
488 1701 561 1754 eunt
582 1702 672 1754 notae
694 1738 717 1773 .,
743 1709 768 1773 t,
794 1695 827 1773 i,
858 1693 969 1769 quibus
990 1693 1094 1772 uncia,
1119 1701 1254 1774 sextans,
1284 1695 1434 1770 quadrent

114 1817 152 1857 ao
173 1797 308 1874 reliquae
330 1799 407 1858 assis
429 1804 529 1876 partes
552 1798 772 1875 significantur3
796 1800 942 1857 deuncem
966 1814 981 1876 ξ
1004 1798 1139 1873 sequitur
1161 1799 1238 1859 assis
1259 1805 1332 1858 nota
1354 1818 1378 1877 r,
1402 1799 1435 1856 id

115 1997 163 2050 est
191 2010 253 2049 una
280 1991 383 2068 pondo
409 1989 496 2051 libra.
547 1991 613 2049 Iam
641 1989 670 2048 ei
697 1989 861 2069 incisurae,
899 2009 975 2064 quae
1009 2008 1100 2066 supra
1126 1991 1204 2048 hanc
1233 1995 1335 2050 natm
1364 1989 1434 2068 fuit,

114 2093 261 2154 mobilem
283 2093 479 2171 aequipondii
501 2093 676 2152 claviculam
697 2092 840 2154 insertam
856 2113 920 2153 esse
941 2096 1098 2171 putemus:
1120 2100 1185 2152 tum
1205 2093 1335 2174 lancula,
1358 2113 1435 2169 quae

115 2218 154 2259 ex
183 2198 277 2259 altero
304 2197 436 2258 trutinae
462 2197 602 2257 bracchio
632 2217 777 2275 suspensa
803 2205 859 2275 est,
895 2196 1003 2257 mercis
1032 2197 1188 2257 cuiusdam
1213 2198 1370 2274 particulis
1398 2218 1434 2256 co

113 2321 214 2378 usque
229 2301 398 2383 impleatur,
415 2303 511 2362 donec
526 2321 634 2379 scapus
648 2300 839 2380 positionem,
857 2322 934 2377 quae
950 2300 1144 2361 horizontalis
1159 2300 1279 2381 dicitur,
1302 2301 1433 2360 habebit.

114 2406 168 2466 Sic
191 2404 287 2482 igitur
306 2425 403 2486 merx,
433 2426 510 2482 quae
537 2412 583 2465 est
608 2405 642 2464 in
667 2406 799 2486 lancula,
830 2426 922 2466 unam
948 2405 1058 2465 libram
1078 2405 1208 2483 pendere
1230 2425 1284 2484 per
1305 2404 1435 2463 trutinae

113 2509 301 2588 positionem
315 2517 405 2587 atque
420 2531 437 2569 e
451 2516 524 2570 nota
539 2527 563 2589 1,
580 2511 619 2569 ad
633 2531 725 2586 quam
739 2510 975 2588 aequipondium
989 2511 1166 2587 perductum
1182 2515 1253 2589 erat,
1275 2528 1435 2585 cognosce-

114 2621 176 2677 tnr.
212 2617 276 2675 Iam
298 2614 326 2674 si
347 2616 424 2675 forte
446 2613 682 2693 aequipondium
704 2617 743 2675 ad
765 2613 933 2693 proximam
952 2612 1158 2674 sinistrorsum
1179 2613 1344 2674 incisuram
1365 2634 1435 2691 pro-

114 2718 259 2797 moveris,
289 2718 409 2778 lancula
437 2738 506 2778 cum
528 2739 563 2777 ea
585 2739 676 2794 quam
702 2718 768 2779 dixi
794 2718 901 2779 mercis
922 2718 1060 2797 portione
1083 2737 1203 2778 sursum
1225 2720 1381 2794 evehetur;
1405 2726 1436 2777 at

113 2843 186 2882 vero
209 2821 377 2883 sitantum
399 2822 499 2882 oneris
522 2824 623 2903 addes,
645 2830 680 2883 ut
701 2842 804 2882 rursus
825 2822 1037 2898 aequilibrium
1052 2823 1234 2903 observetur,
1256 2821 1381 2882 habebis
1403 2822 1436 2880 in

114 2928 239 2987 lancula
261 2945 339 2985 onus
360 2925 452 2985 unius
473 2926 567 2987 librae
590 2947 658 2986 cum
679 2926 777 2987 uncia.
823 2933 923 3003 Atque
946 2930 1049 2988 eadem
1075 2926 1191 2987 ratione
1213 2925 1328 2985 maiora
1350 2925 1436 2986 dein-

115 3051 188 3110 ceps
209 3051 302 3091 onera
324 3031 492 3108 appendere
513 3030 637 3110 poteris,
661 3051 730 3090 cum
751 3032 987 3110 aequipondium
1009 3032 1122 3091 sensim
1137 3030 1343 3091 sinistrorsum
1365 3049 1436 3106 pro-

115 3135 262 3211 moveris,
285 3133 329 3193 sic
352 3133 481 3211 denique
503 3136 542 3196 ad
563 3155 713 3194 summurn
734 3137 862 3216 pondus,
885 3138 967 3213 quod
988 3137 1103 3217 trutina
1124 3135 1264 3215 patietur,
1287 3133 1320 3193 id
1337 3139 1382 3194 est
1397 3135 1435 3192 ad

116 3258 203 3300 xxxx
231 3239 337 3317 libras,
368 3239 533 3316 pervenies.
579 3242 692 3299 Contra
714 3240 741 3299 si
763 3242 800 3299 ab
823 3261 857 3299 eo
879 3239 959 3319 loco,
990 3240 1044 3314 qui
1070 3239 1145 3299 assis
1172 3248 1244 3298 nota
1273 3238 1435 3315 insignitus

116 3352 175 3423 est,
206 3345 397 3403 dextrorsum
422 3343 635 3424 progredieris,
666 3344 804 3424 deuncis,
834 3344 1001 3422 dextantis,
1031 3363 1120 3421 porro
1147 3342 1331 3419 reliquarum
1360 3343 1435 3401 assis

115 3446 248 3526 partium
275 3455 363 3507 notas
391 3448 597 3525 deprehendes
624 3455 654 3506 et
680 3448 882 3526 aequipondio
916 3449 1039 3507 reducto
1072 3448 1231 3528 deuncem,
1263 3449 1434 3507 dextantem

117 3551 253 3627 aliasque
274 3550 369 3610 librae
391 3552 554 3629 particulas
575 3572 672 3627 usque
695 3553 733 3611 ad
755 3553 952 3629 semuncium,
977 3572 1054 3627 quae
1074 3571 1167 3628 prope
1188 3550 1309 3610 unciam
1331 3556 1435 3611 notata

118 3676 184 3716 esse
206 3653 363 3735 videtum),
388 3656 556 3733 appendere
577 3656 701 3733 poteris,

204 3761 264 3820 Sed
285 3759 347 3819 iam
368 3760 407 3820 ad
428 3760 593 3820 normalem
608 3759 780 3837 aequilibrii
801 3759 983 3837 positionem
996 3761 1153 3819 redeamus
1168 3766 1198 3819 et
1213 3779 1281 3819 cum
1295 3757 1434 3819 Vitruvio

119 3873 288 3924 centrum
309 3862 341 3923 id
363 3869 510 3941 punctum
531 3864 676 3944 dicamus,
700 3865 779 3923 unde
803 3865 915 3925 unone
938 3883 1083 3942 suspensa
1105 3864 1173 3924 ruit.
1211 3866 1261 3923 Ad
1277 3870 1434 3938 utramque

118 3968 214 4029 canui
234 3974 350 4046 partem
370 3967 492 4043 longius
513 3967 687 4027 bracchium
702 3976 731 4028 et
746 3969 873 4028 alterurn
895 3968 1015 4028 brevius
1031 3967 1262 4045 distinguamus.
1299 3967 1435 4045 Longius
1478 4031 1483 4048 ,

189 4244 206 4308 ¹)
224 4238 401 4295 Friederichs
423 4238 534 4295 Berlr'm
555 4247 609 4295 ant.
632 4239 787 4296 Bitdwerlce
809 4241 839 4296 11
855 4258 881 4312 p.
895 4242 945 4296 200
956 4259 977 4295 s.
1013 4241 1186 4297 Baumeister
1207 4242 1372 4298 Dankmcler
1389 4240 1433 4294 dae

120 4327 204 4384 tlara
222 4328 374 4383 Altertums
391 4326 437 4381 111
453 4343 481 4397 p.
493 4328 592 4381 ltisss.

188 4414 208 4481 ἵ)
227 4411 399 4469 Friederiohs
416 4410 435 4467 1.
447 4429 470 4469 c.
487 4430 532 4468 no.
550 4416 608 4467 900.
644 4412 818 4469 Baumeister
833 4413 853 4468 l.
866 4431 889 4470 c.

187 4502 208 4568 ⁸)
226 4499 334 4556 Vitrur.
351 4500 405 4555 lc.

186 4588 207 4654 ⁴)
224 4587 341 4642 Punctis
359 4586 467 4642 duobus
485 4586 664 4642 crassioribus
682 4595 710 4643 et
727 4587 920 4660 duodeviginti
940 4588 1139 4658 subtilioribus,
1157 4605 1228 4660 quae
1246 4588 1275 4644 in
1294 4589 1434 4661 superiore

120 4675 206 4747 figura
223 4673 261 4729 ad
277 4674 400 4730 dextram
417 4680 521 4745 partem
539 4680 620 4729 notae
637 4707 661 4743 0,
680 4674 709 4729 id
727 4681 769 4730 est
786 4675 894 4745 unciae,
917 4675 1136 4747 conspiciuntur,
1159 4674 1290 4746 pondus
1309 4676 1434 4731 denotari

120 4761 287 4817 demonstrat
304 4760 425 4815 incisura
442 4777 524 4828 supra
540 4759 608 4814 hacc
624 4768 726 4832 puncta
744 4779 761 4815 a
778 4761 857 4817 fabro
872 4762 953 4818 iacta.
983 4764 1023 4817 At
1033 4780 1097 4817 raro
1110 4761 1147 4816 iis
1160 4779 1229 4833 quos
1242 4761 1300 4816 dixi
1318 4769 1433 4832 puncto·

120 4866 179 4904 rum
196 4848 317 4904 numeris
329 4846 408 4903 nulla
418 4847 530 4919 propria
540 4846 669 4918 ponderis
681 4848 846 4918 significatio
858 4848 1004 4905 tribuenda
1016 4856 1071 4917 est3
1089 4848 1171 4902 immo
1188 4847 1266 4903 faber
1277 4847 1434 4902 semunciae

122 4942 213 4991 notmn
230 4942 248 4990 ξ
267 4950 317 4989 suo
335 4934 452 4989 arbitrio
468 4933 584 4989 liberius
608 4934 776 5005 expressisse
798 4935 914 4991 videtur.
950 4935 1054 5006 Figura
1078 4941 1171 4992 autem
1195 4934 1317 5006 punctim
1339 4933 1433 4989 aduru-

122 5020 205 5090 brata,
223 5038 294 5092 quae
310 5037 397 5091 prope
413 5020 614 5076 extremitatem
624 5019 771 5076 lamminae
783 5020 960 5093 conspicitur,
973 5021 1091 5077 ornandi
1102 5040 1192 5091 causa,
1210 5039 1267 5076 non
1279 5021 1314 5075 ad
1327 5019 1434 5092 pondus

121 5104 206 5162 ullum
228 5105 388 5177 notandum,
412 5106 538 5180 adposita
561 5125 621 5163 esse
643 5106 754 5163 videtur
777 5112 849 5175 (nam
870 5107 946 5163 nulla
968 5108 1088 5163 incisura
1105 5108 1135 5163 in
1152 5106 1293 5179 superiore
1310 5106 1434 5177 margine

123 5199 215 5262 mut,
233 5211 323 5265 neque
335 5191 468 5248 credibile
481 5199 524 5248 est
540 5193 635 5249 eodem
653 5193 848 5264 aequipondio,
867 5212 921 5266 quo
933 5195 1044 5250 XXXX
1062 5194 1148 5250 librae
1162 5193 1280 5266 appendi
1297 5200 1432 5264 poterant,

122 5278 201 5335 etiarn
217 5279 337 5336 minores
354 5280 494 5336 semuncia
511 5279 660 5352 particulas
676 5279 765 5336 librae
783 5297 919 5353 appensas
937 5284 1013 5347 esse).
