3746 5912
522 570 801 622 INSTRVIIENTVM
827 573 1054 624 Domns'rlcvm

573 794 597 853 1.
631 795 828 854 Pounnata
848 816 878 874 p.
899 799 990 857 roco.

117 938 188 1009 255
218 946 391 1027 Pallantias,
407 950 526 1026 pondus
541 951 619 1009 telae
634 950 836 1032 argillaceum,
853 954 990 1011 servabat
1003 951 1158 1012 Marianus
1174 957 1312 1031 Garrcra3
1333 962 1438 1033 postea

165 1057 218 1109 aut
239 1050 354 1112 interiit
375 1059 428 1111 aut
448 1052 529 1113 latet
575 1056 737 1116 Mensurae
759 1064 789 1117 ct
810 1058 930 1135 pondus
952 1075 1014 1116 non
1036 1056 1215 1120 indicantur.

117 2407 189 2467 Fita
211 2405 359 2469 toldelo
373 2405 464 2466 Acad.
488 2407 591 2466 XXVI
618 2407 696 2466 1895
720 2426 749 2483 p.
769 2407 807 2465 72
836 2405 883 2465 cui
908 2428 924 2466 e
947 2407 1064 2468 schedis
1089 2408 1219 2469 Mariani
1241 2412 1364 2470 Oarrcra
1386 2413 1438 2471 de-

117 2511 242 2590 scripsit
263 2510 376 2571 Simon.

161 2617 233 2676 Fita
252 2614 328 2692 legit
350 2609 534 2697 clamitabas)
556 2609 691 2696 Rotuba
712 2610 829 2697 clereto)
842 2616 927 2696 fecit.
970 2619 1101 2677 Possunt
1123 2618 1214 2677 etiam
1236 2619 1296 2679 alia
1318 2619 1438 2696 excogi-

117 2721 186 2800 tari,
211 2720 238 2780 si
258 2721 348 2781 modo
371 2727 489 2780 constet
509 2721 547 2778 de
567 2720 706 2780 lectione.

162 2826 212 2885 Of.
239 2825 321 2886 4962
338 2844 360 2886 o.

116 2978 189 3048 256
219 2986 302 3044 Inter
329 2982 474 3061 epistulas
502 2984 541 3042 ad
566 2983 707 3043 comitem
734 2984 768 3041 dc
790 2982 938 3044 Lamum
966 2986 1105 3066 scriptas,
1136 3007 1210 3063 quas
1241 3009 1336 3066 nuper
1366 2990 1439 3049 emit

160 3087 347 3149 bibliotheca
360 3087 482 3165 publica
495 3087 630 3147 Parisina
646 3086 682 3167 (v.
699 3108 789 3166 supra
804 3110 833 3166 p.
852 3085 935 3171 445),
959 3110 1020 3149 una
1035 3098 1080 3151 cst
1093 3091 1175 3151 Petri
1190 3093 1226 3151 dc
1244 3094 1343 3170 Leyva
1365 3093 1438 3152 anni

165 3195 262 3273 1773,
284 3191 318 3252 in
332 3214 392 3270 qua
410 3198 547 3251 accurato
570 3192 713 3252 describit
732 3193 877 3253 trutinam
898 3214 1021 3254 aeneam
1042 3198 1210 3256 Romanam
1232 3205 1379 3274 repertam
1402 3219 1437 3257 co

161 3317 244 3356 anno
256 3297 436 3373 Cartbagine
446 3316 535 3377 nova,
547 3296 663 3356 adiecta
674 3296 875 3357 delineatione
886 3318 948 3357 non
963 3300 1123 3359 admodum
1135 3301 1215 3361 bona
1228 3321 1284 3360 nec
1299 3301 1437 3381 eleganti,

162 3403 219 3461 sed
241 3401 314 3462 satis
335 3400 502 3479 perspicus.
536 3400 658 3461 Miserat
672 3421 738 3460 eam
753 3401 843 3461 ctiam
857 3403 1010 3463 Ludovico
1025 3405 1153 3481 losepho
1169 3405 1337 3481 Velazquaz
1359 3426 1438 3465 mar-

163 3504 267 3565 chioni
282 3505 319 3565 dc
335 3505 530 3585 Valdaflores,
547 3505 716 3582 antiquario
728 3505 807 3565 claro
822 3502 861 3585 (v.
875 3509 908 3565 (l.
921 3508 944 3566 1.
961 3508 1016 3566 LII
1030 3528 1058 3584 p.
1068 3509 1157 3568 XXII
1171 3528 1198 3570 ro
1213 3510 1359 3568 LXXXII
1374 3505 1436 3590 102),

164 3610 252 3669 cuius
268 3608 429 3687 explicatio
445 3630 506 3669 una
521 3629 590 3669 cum
602 3609 730 3688 epistula
744 3612 861 3687 Leyvas
876 3611 908 3669 in
922 3610 1076 3671 volumine
1091 3611 1287 3688 epistularum
1302 3612 1438 3671 Parisino

162 3721 298 3774 servatur
310 3712 520 3794 (Morel-Fatio
530 3713 666 3791 Rapport
674 3735 704 3791 p.
716 3710 776 3794 12).
800 3714 970 3773 Delincatio
985 3715 1142 3774 modulum
1157 3715 1308 3793 archetypi
1324 3721 1436 3791 sersat3

162 3820 265 3896 Leyva
279 3819 407 3879 affirmat
422 3838 489 3879 cam
502 3819 613 3878 factam
627 3838 693 3879 esso
707 3837 816 3898 magna
831 3838 899 3878 cum
915 3838 986 3878 cura
1001 3826 1031 3878 ct
1048 3818 1171 3878 omnino
1188 3820 1346 3879 convenire
1369 3840 1438 3879 cum

163 3925 334 4002 archetypo,
357 3923 447 3984 etiam
461 3924 494 3983 in
509 3921 646 3983 dantium
661 3943 738 3999 quos
753 3923 827 3983 dicit
848 3922 1040 3983 indicatione.
1081 3926 1140 3983 Sed
1156 3945 1191 3984 ca
1205 3924 1330 4004 species,
1348 3945 1437 4002 quam

161 4048 192 4106 p.
209 4030 273 4089 «182
288 4027 514 4105 exprimendam
529 4027 708 4108 curavimus,
731 4028 770 4088 ad
784 4027 939 4088 modulum
960 4029 1051 4105 paulo
1066 4027 1233 4088 breviorem
1246 4031 1368 4089 redacta
1382 4037 1436 4089 cst.

207 4135 294 4196 Quae
314 4131 395 4192 inira
416 4137 583 4209 sequnntur
603 4132 751 4193 debentur
772 4131 948 4213 Hultschio,
980 4131 1034 4209 qui
1055 4153 1073 4192 a
1094 4152 1142 4192 me
1164 4140 1286 4210 rogatus
1308 4134 1438 4194 mutinae

163 4235 311 4297 rationem
333 4235 503 4315 explicavit.

124 4357 175 4401 os
197 4339 288 4401 iustis
310 4339 493 4418 cylindricus
514 4360 583 4399 cum
605 4339 758 4421 strigibus,
780 4339 942 4417 inquibus
956 4341 1042 4401 filum
1062 4341 1160 4401 lancis
1177 4349 1285 4419 putant
1299 4340 1436 4401 iacuisse.

123 4464 143 4503 Α
158 4462 179 4505 c
200 4443 307 4522 iugum
335 4444 399 4505 sive
426 4464 546 4523 scapus,
577 4463 669 4523 prope
696 4443 783 4505 cuins
810 4453 956 4523 punctum
984 4463 1003 4507 c
1028 4446 1143 4505 trutina
1171 4466 1318 4524 suspensa
1343 4445 1438 4506 lunae

208 4548 335 4608 videtur.
1072 4544 1075 4551 ’

124 4668 176 4713 na
201 4651 345 4713 lammina
374 4670 444 4712 cum
471 4651 606 4713 numeria
637 4654 819 4734 ponderum,
852 4653 938 4713 cuius
967 4653 1001 4713 in
1034 4652 1174 4715 incisuris
1202 4674 1298 4715 unum
1326 4654 1437 4714 mobile

208 4759 329 4837 pondus
358 4775 538 4833 suspensum
566 4762 683 4817 tantum
709 4758 817 4819 merois
838 4757 871 4817 in
893 4758 979 4817 lance
1001 4758 1117 4836 positae
1139 4762 1260 4837 pondus
1281 4761 1435 4837 aequabat,

208 4870 355 4938 quantum
381 4867 472 4921 notae
503 4861 670 4937 ponderum
698 4862 826 4939 singulis
858 4861 1000 4922 incisuris
1026 4862 1190 4942 adscriptae
1218 4863 1436 4941 significabant,

208 4987 255 5026 ex.
271 4986 314 5044 gr.
331 4966 451 5043 pondua
465 4963 499 5023 in
513 4964 655 5047 incisura,
679 4965 729 5026 cui
744 4986 753 5026 1
769 4974 841 5027 nota
855 4967 1004 5046 adscripta
1019 4975 1074 5049 cst,
1098 4987 1278 5046 suspensum
1293 4968 1439 5041 aequabat

207 5089 300 5131 unam
320 5070 420 5148 pondo
443 5068 551 5130 libram
572 5069 681 5131 mercis
702 5070 736 5130 in
756 5071 843 5131 lance
864 5070 988 5150 positae.

128 5185 231 5234 sauss
252 5175 324 5235 lanx
345 5175 476 5236 rotunda
498 5180 544 5235 est
564 5173 704 5235 ffiamatri
725 5195 763 5236 m.
789 5179 903 5237 alsit
928 5183 958 5236 ct
986 5177 1078 5237 habat
1104 5196 1197 5238 uncos
1226 5180 1376 5255 quattuor,
1405 5174 1438 5234 in

209 5277 320 5356 quibus
341 5280 426 5340 iilum
447 5280 603 5356 figebatur.

1164 5396 1230 5461 31*
