3798 5910
394 525 467 595 304
547 517 552 527 ’
1009 540 1104 591 Adra

393 717 506 775 Iunium
529 727 681 790 concepta.
725 715 809 774 Haec
831 716 980 773 ordinatio
1001 732 1180 790 quamquam
1208 734 1227 770 a
1251 724 1393 772 consueta
1419 714 1541 783 recedit,
1571 736 1630 772 non
1653 735 1714 773 om·

394 821 463 877 nino
492 819 639 877 reicienda
668 828 722 877 est.
773 817 850 875 Nam
881 819 960 892 quod
987 818 1029 874 ita
1057 836 1144 874 sacra
1170 817 1252 874 Deae
1279 816 1358 875 Diae
1388 816 1544 874 sollemnia
1571 819 1609 874 ab
1639 821 1714 876 actis

393 924 544 992 afuerunt,
572 932 650 979 recte
673 940 705 979 se
727 921 828 991 habet,
857 939 923 977 cum
947 920 975 976 in
999 919 1072 977 actis
1099 937 1175 993 quae
1201 919 1344 977 habemus
1371 920 1497 996 primum
1524 935 1714 994 compareant

393 1044 471 1081 anno
493 1043 521 1099 p.
534 1020 604 1081 Chr.
630 1024 667 1081 38
691 1041 745 1080 uec
760 1023 852 1081 multo
867 1032 935 1080 aute
957 1032 1062 1096 coepta
1084 1040 1150 1078 esse
1166 1021 1320 1079 videantur
1339 1020 1492 1097 perscribi.
1535 1021 1661 1079 indictio
1684 1023 1713 1079 in

393 1127 467 1184 actis
495 1144 571 1200 quae
601 1126 757 1192 babemus,
790 1125 818 1181 in
843 1124 889 1181 bis
916 1125 984 1182 anni
1011 1123 1065 1193 tt,
1091 1124 1125 1181 fit
1153 1123 1228 1180 inter
1255 1122 1349 1180 lami
1374 1133 1405 1179 et
1426 1122 1490 1180 lan.
1510 1124 1540 1180 ll
1574 1123 1712 1197 (Heuzen

393 1250 420 1305 p.
438 1229 485 1302 5);
519 1228 570 1286 aed
600 1247 666 1285 cum
693 1228 766 1284 haec
791 1227 857 1300 ipsa
878 1226 914 1282 de
936 1226 1043 1300 quibus
1065 1225 1180 1300 aginam
1202 1234 1268 1283 acta
1290 1243 1344 1283 nos
1368 1225 1520 1282 docuerint
1546 1220 1714 1282 anauniae

394 1331 452 1389 734
477 1352 502 1387 u.
520 1349 544 1387 c.
567 1330 629 1387 sive
652 1350 680 1404 p.
697 1327 767 1386 Chr.
789 1328 828 1385 28
856 1346 941 1385 sacra
966 1328 1046 1385 facta
1066 1344 1135 1385 esse
1158 1347 1216 1385 non
1237 1326 1316 1384 Maio
1339 1345 1453 1397 mense,
1481 1326 1533 1385 sed
1557 1328 1714 1403 incipiente

394 1432 528 1506 luniol),
555 1431 675 1489 indictio
703 1431 772 1488 anni
800 1429 1002 1505 praecedentis
1030 1431 1099 1486 item
1126 1430 1189 1487 fieri
1217 1440 1315 1504 potest
1341 1441 1374 1486 ut
1401 1440 1518 1505 peracta
1543 1428 1580 1486 sit
1614 1448 1713 1487 mense

393 1536 509 1592 demum
535 1534 674 1591 Ianuario
697 1543 832 1590 extremo
859 1532 904 1589 vel
932 1532 1092 1608 incipiente
1114 1530 1285 1589 Februario.
1329 1533 1406 1590 Acta
1431 1529 1501 1589 anui
1527 1534 1713 1606 sequentiae

392 1638 542 1693 contrario
569 1636 713 1711 incipiunt
740 1636 778 1693 ab
802 1634 974 1701 indictione,
1004 1634 1087 1692 cuius
1109 1634 1173 1690 dies
1195 1633 1309 1704 deficit3
1339 1644 1407 1691 vota
1432 1632 1522 1709 igitur
1548 1646 1598 1690 aut
1619 1633 1714 1691 soluta

393 1752 590 1815 strsceptuqne
613 1748 684 1795 sunt
704 1750 773 1812 post
792 1736 981 1793 indictionem
1004 1746 1057 1793 aut
1078 1755 1113 1792 eo
1140 1754 1218 1793 anno
1240 1754 1297 1793 non
1318 1745 1387 1792 suut
1406 1735 1579 1810 perscripta.
1622 1735 1713 1806 Haec,

388 1840 468 1915 'quae
496 1839 641 1897 sententia
660 1840 854 1897 Henneniana
881 1837 1013 1913 requirit,
1043 1848 1075 1895 ut
1093 1848 1233 1913 poterunt
1253 1837 1382 1908 admitti,
1415 1838 1457 1894 ita
1484 1856 1570 1896 nemo
1596 1838 1715 1911 negabit

393 1943 617 2001 difficultatibus
644 1961 701 1999 non
729 1941 846 2016 exiguis
869 1940 1014 2012 laborare,
1041 1941 1235 2009 econtrario,
1261 1940 1287 1998 si
1307 1939 1419 1998 Hulam
1439 1940 1531 1996 secuti
1557 1950 1624 1995 acta
1643 1941 1714 1996 haec

393 2046 547 2103 referimus
570 2045 607 2102 ad
630 2064 656 2100 a.
674 2044 732 2101 733
755 2056 785 2101 et
808 2043 877 2112 734,
900 2044 955 2099 hoc
977 2043 1043 2100 loco
1066 2042 1166 2101 omnia
1188 2042 1278 2118 plana
1303 2042 1366 2099 fieri
1389 2052 1419 2097 et
1441 2042 1589 2115 expedita

426 2216 429 2223 .
477 2150 518 2204 At
544 2148 573 2204 io
603 2145 739 2221 personis
766 2146 950 2202 sacerdotum
980 2145 1080 2202 Hulue
1107 2145 1253 2202 sententia
1275 2163 1340 2201 cum
1367 2143 1529 2200 obstaculis
1558 2162 1615 2200 non
1643 2144 1714 2202 levi-

394 2253 448 2307 bus
472 2259 591 2325 pugnat.
634 2248 757 2306 Fratres
780 2247 907 2304 Arvales
929 2248 959 2304 in
982 2248 1146 2322 fragmento
1173 2246 1314 2304 nominati
1338 2247 1431 2303 misso
1454 2247 1579 2322 vestigio
1602 2247 1713 2303 incerto

393 2372 420 2408 v.
438 2354 454 2409 3
472 2352 521 2408 fin.
544 2370 562 2408 u
585 2350 658 2424 (non
680 2349 720 2425 u)
744 2367 865 2406 numero
887 2362 957 2407 sunt
979 2368 1045 2406 sex:
1069 2349 1184 2407 scilicet
1204 2349 1234 2405 iu
1257 2348 1331 2405 actis
1346 2349 1415 2405 anni
1440 2348 1546 2423 prioris
1562 2349 1712 2405 nominau-

394 2466 439 2510 tur
462 2453 589 2511 Arvales
613 2463 761 2528 quattuor,
788 2453 817 2508 in
840 2452 915 2509 actis
937 2453 1005 2509 anni
1028 2451 1202 2528 posterioris
1226 2460 1342 2524 praeter
1363 2449 1537 2527 magistrum
1554 2451 1622 2521 duo,
1644 2469 1701 2524 quo

394 2576 455 2613 rum
481 2574 556 2613 uuus
578 2564 624 2611 est
646 2555 725 2612 inter
742 2564 882 2629 quattuor
904 2553 982 2612 illos.
1027 2552 1103 2613 Sunt
1125 2564 1223 2611 autem
1246 2552 1285 2608 hi.

394 2730 479 2768 ...a
502 2710 576 2767 Libo
599 2712 641 2786 (v.
657 2710 700 2784 3).

434 2812 610 2871 Laterculus
633 2813 659 2870 si
682 2822 728 2871 est
749 2831 775 2869 a.
800 2831 826 2869 u.
849 2832 873 2869 c.
891 2810 1007 2880 733l4,
1034 2811 1213 2887 cogitabitur
1235 2820 1285 2869 aut
1305 2810 1342 2868 de
1365 2808 1399 2866 L.
1421 2808 1577 2870 Scribonio
1599 2810 1713 2867 Libone

434 2934 494 2973 cos.
518 2935 542 2971 a.
562 2913 621 2972 720
644 2925 696 2971 aut
717 2915 754 2973 de
776 2913 816 2971 Μ.
838 2913 939 2971 Druso
962 2911 1078 2970 Libone
1100 2932 1159 2971 cos.
1183 2932 1208 2969 a.
1227 2912 1300 2983 7393
1329 2912 1353 2968 si
1377 2922 1423 2970 est
1444 2933 1470 2969 a.
1495 2931 1522 2986 p.
1539 2910 1610 2969 Chr.
1629 2911 1711 2981 2718,

434 3029 485 3074 aut
512 3018 547 3075 de
569 3017 690 3075 consule
711 3016 861 3074 ordinario
884 3036 911 3072 a.
931 3016 967 3072 16
991 3014 1023 3072 1..
1046 3014 1202 3075 Scribonio
1225 3013 1340 3072 Libone
1367 3024 1419 3071 aut
1444 3016 1480 3070 de
1503 3012 1537 3072 C.
1555 3013 1644 3072 Vibio
1664 3014 1711 3071 Li·

435 3120 511 3177 bone
533 3119 636 3177 eodem
660 3137 737 3176 anno
760 3117 891 3176 suffecto.
938 3120 1014 3175 Acta
1040 3118 1153 3194 reliqua
1176 3115 1319 3175 Libonem
1347 3116 1459 3174 nullum
1487 3116 1608 3174 habent.
1656 3115 1714 3172 Per

435 3223 511 3279 hunc
533 3222 622 3296 igitur
644 3220 780 3296 quaestio
802 3239 860 3277 non
882 3218 1037 3278 deciditur.

393 3377 430 3435 L.
457 3376 549 3435 Cinna
570 3375 614 3450 (v.
631 3376 673 3450 3).

434 3478 585 3555 Cogitavit
609 3476 692 3535 Hula
721 3477 756 3534 de
787 3477 821 3534 L.
850 3475 948 3535 Cinna
975 3491 1113 3553 praetore
1140 3498 1166 3535 a.
1187 3477 1247 3535 710
1276 3477 1394 3534 homine
1423 3477 1500 3533 iuter
1525 3476 1713 3534 adversarios

435 3580 573 3639 Caesaris
590 3579 742 3637 dictatoris
758 3579 915 3649 acerrim03
939 3599 1005 3636 eum
1023 3580 1213 3637 nihilominus
1229 3579 1265 3636 ab
1278 3582 1414 3654 Augusto
1429 3579 1566 3636 honorari
1582 3578 1713 3653 potuisse

435 3683 546 3757 pariter
572 3692 660 3757 atque
687 3682 842 3739 honoravit
868 3683 960 3739 lilium
984 3679 1039 3739 Cn.
1062 3680 1186 3739 Cinnam
1210 3681 1348 3757 Magnum
1375 3681 1528 3739 consulem
1554 3681 1664 3737 factum
1686 3700 1710 3737 a.

433 3805 461 3860 p.
479 3783 548 3841 Chr.
573 3785 600 3841 5.
645 3783 678 3841 ld
707 3794 738 3841 ut
759 3782 873 3841 admitti
900 3794 1012 3859 potest,
1039 3785 1081 3840 ita
1104 3787 1168 3858 pari
1189 3784 1253 3840 iure
1276 3794 1440 3841 statuemus
1463 3781 1554 3839 luisse
1576 3783 1640 3840 eius
1663 3802 1712 3839 no-

434 3887 521 3943 minis
543 3887 691 3943 homiuem
714 3895 868 3961 praeterea
889 3885 1023 3962 ignotum
1045 3886 1100 3942 sub
1115 3884 1245 3943 Tiberio.
1280 3889 1356 3942 Acta
1377 3884 1437 3941 alia
1453 3882 1577 3946 Cinnam
1600 3883 1710 3942 nullum

435 3988 552 4045 babent.
595 3987 700 4063 Itaque
723 4007 774 4062 per
796 3987 873 4043 bunc
895 4006 952 4044 nou
977 3988 1072 4062 magia
1093 3988 1129 4044 de
1152 4007 1183 4045 re
1205 3987 1336 4063 liquebit.

395 4145 437 4200 M.
465 4143 606 4201 Cornutus
627 4142 714 4216 (v.3.
733 4143 794 4217 10).

435 4247 559 4303 Praeter
582 4247 653 4302 baec
675 4245 752 4302 idem
774 4265 880 4303 nomen
903 4245 979 4302 redit
1001 4245 1030 4301 in
1054 4246 1129 4303 actis
1151 4266 1178 4302 a.
1196 4247 1248 4316 14⁸:
1275 4242 1643 4303 ascomannorum:
1670 4243 1710 4299 M.

437 4348 576 4407 Caecilius
603 4346 769 4421 Cornaque]
796 4357 825 4403 et
851 4367 877 4403 a.
895 4346 929 4404 21
1048 4346 1198 4406 Comutua.
1249 4347 1407 4404 Praeterea
1433 4347 1461 4404 in
1490 4346 1575 4403 titulo
1602 4347 1709 4403 urbano

434 4448 545 4518 Qvi,
571 4449 647 4507 1767
676 4450 752 4505 inter
784 4459 935 4506 curatores
968 4448 1098 4506 locorum
1131 4449 1316 4525 publicorum
1351 4448 1574 4506 iudicandorum
1607 4448 1709 4504 aetatis

435 4556 589 4628 Augustae
618 4552 664 4607 vel
692 4549 872 4607 Tiberianae
905 4552 992 4608 tertio
1025 4551 1090 4608 loco
1123 4551 1291 4608 nominatur
1323 4550 1364 4608 M.
1392 4550 1533 4609 Caecilius
1560 4550 1709 4609 Cornutus.

434 4654 556 4711 Tacitus
584 4652 711 4728 denique
738 4672 805 4709 ann.
834 4654 862 4723 4,
879 4651 916 4709 28
940 4652 976 4708 ad
1000 4672 1026 4709 a.
1044 4652 1082 4710 24
1105 4653 1238 4710 meminit
1260 4649 1382 4711 Caecilii
1402 4650 1526 4710 Cornuti
1551 4652 1606 4708 viri
1629 4671 1709 4727 prue-

435 4757 502 4812 torii
527 4775 581 4812 sua
604 4774 691 4811 manu
713 4766 773 4811 tum
794 4755 970 4828 interempti.
987 4753 1100 4811 —His
1123 4755 1302 4812 testimoniis
1322 4755 1463 4830 expensis
1478 4754 1640 4812 Henzenus
1655 4756 1710 4810 Ar-

435 4858 529 4914 valem
553 4867 684 4914 actorum
707 4876 734 4914 a.
753 4857 799 4912 14.
817 4856 865 4913 20.
884 4855 919 4912 21
946 4856 1049 4913 habuit
1064 4875 1118 4931 pro
1140 4857 1204 4914 viro
1226 4858 1375 4933 practorio
1399 4866 1516 4914 mortuo
1539 4875 1565 4912 a.
1582 4855 1631 4927 tt,
1654 4858 1710 4912 Ar·

471 5125 493 5187 ¹)
513 5125 684 5176 Probabiliter
697 5125 840 5175 Huelsenus
858 5132 914 5174 acta
934 5126 969 5174 ita
982 5127 1102 5189 explevit,
1123 5140 1151 5175 ut
1168 5128 1237 5176 facta
1255 5127 1306 5175 sint
1327 5128 1382 5176 lun.
1399 5130 1421 5175 1.
1438 5125 1462 5174 3.
1478 5129 1503 5175 4.
1535 5126 1619 5175 Etiam
1639 5140 1662 5174 a.
1677 5126 1708 5174 tt

394 5235 464 5269 sacra
483 5220 601 5268 videntur
620 5217 717 5267 indicta
735 5234 790 5268 esse
809 5219 834 5267 in
856 5220 910 5267 dies
929 5219 961 5268 ab
982 5218 1014 5267 iis
1033 5220 1076 5282 qul
1096 5228 1184 5282 postca
1203 5219 1368 5269 obtinuerunt
1385 5219 1509 5268 diversos.
