3798 5910
462 1893 675 2006 NVMMI
708 1891 975 2027 lvtvsll
1004 1891 1084 2003 ΕΤ
1109 1890 1444 2004 DOMITIANI
1469 1892 1554 2003 ΑΙ)
1580 1891 1782 2003 Lvnos

682 2077 1081 2191 SAIIOVLARES
1119 2076 1550 2189 PERTINENI'llb

460 2551 580 2677 Actis
602 2617 739 2675 ludorum
761 2616 956 2676 saecularium
978 2617 1143 2692 imperante
1159 2621 1297 2694 Augusto
1319 2618 1531 2676 celebratorum
1553 2616 1677 2675 feliciter
1698 2636 1780 2675 recu·

459 2722 587 2795 peratis,
616 2737 751 2777 nummos
773 2729 842 2795 post
864 2718 1013 2779 saeculum
1036 2720 1066 2777 in
1089 2720 1260 2778 memoriam
1284 2720 1480 2778 saccularium
1502 2719 1665 2777 Domitiani
1691 2737 1779 2777 cusos
1878 2776 1879 2799 ᾖ

460 2822 507 2879 hic
529 2840 706 2899 componere
728 2830 758 2879 et
778 2820 945 2880 accuratius
969 2840 1122 2880 recensere
1143 2821 1238 2894 iuvat,
1266 2841 1332 2880 eum
1354 2841 1392 2879 ex
1414 2822 1451 2879 iis
1473 2822 1531 2879 iam
1559 2830 1689 2889 constet,
1718 2821 1779 2879 Do·

461 2924 613 2982 mitianum
636 2923 722 2982 ludos
744 2942 816 2982 suos
838 2923 876 2981 ad
899 2924 1063 2983 saecularia
1085 2927 1262 3003 Angustam
1282 2923 1464 3001 applicuisse
1486 2924 1541 2991 ita,
1571 2936 1605 2982 ot
1625 2924 1671 2982 bis
1693 2923 1780 2998 plane

459 3027 679 3104 responderent.

544 3129 589 3185 Ad
612 3129 849 3187 suffimentorum
873 3129 1110 3189 distributionem
1133 3129 1221 3187 etad
1244 3130 1362 3207 frugum
1385 3129 1594 3204 acceptionem,
1615 3146 1693 3205 quae
1712 3131 1780 3206 ipsa

460 3250 548 3291 sacra
569 3231 795 3306 praecedebant,
817 3233 966 3309 pertinent
988 3234 1098 3290 nummi
1122 3233 1205 3291 aenei
1220 3231 1386 3290 Domitiani
1408 3231 1466 3289 duo
1488 3230 1603 3308 gemelli
1626 3232 1656 3290 in
1678 3231 1779 3290 tabula

459 3332 686 3411 phototypica¹)
709 3334 765 3391 sub
788 3333 870 3391 nub
894 3343 924 3391 et
945 3334 1035 3392 3o.b
1057 3336 1194 3410 expressi

521 3433 583 3493 nl
606 3433 735 3508 (Cohen,
758 3435 804 3492 ed.
829 3432 857 3506 2,
878 3434 1070 3494 Domitianus
1093 3455 1121 3494 n.
1139 3437 1205 3511 8l):
1234 3437 1285 3494 Ad
1309 3438 1404 3495 oedem
1429 3446 1562 3513 quattuor
1587 3435 1779 3494 columnarum

609 3541 775 3595 striatarum
801 3542 913 3613 pencris
939 3550 970 3596 ut
997 3540 1109 3598 videtur
1133 3537 1272 3598 Corinthii
1297 3541 1375 3597 aedat
1400 3542 1446 3596 vr'r
1472 3548 1582 3614 topatus
1610 3537 1779 3613 (imperator

609 3650 660 3697 out
682 3638 717 3696 X
725 3640 808 3714 l'oir)
834 3644 864 3697 in
890 3641 1037 3713 tribunali,
1065 3646 1110 3700 cui
1135 3644 1269 3718 lmpoaito
1294 3651 1361 3698 sunt
1385 3642 1440 3699 duo
1463 3644 1589 3700 curtim
1610 3650 1636 3698 st
1657 3643 1778 3715 aucup-

611 3751 668 3798 tum
695 3750 735 3799 eat
758 3752 922 3810 svrtsmaa)
945 3754 1046 3813 rtem)
1068 3755 1169 3813 [steten
1195 3752 1260 3801 onte
1282 3743 1409 3801 tribunal
1430 3746 1475 3800 vr'r
1495 3740 1641 3819 mpetu-5²)
1663 3751 1689 3800 et
1707 3760 1779 3817 puer
1875 3780 1876 3787 κ

609 3847 674 3901 item
695 3853 818 3920 topatus,
844 3863 964 3920 quorun
985 3846 1035 3904 ille
1056 3847 1093 3905 ob
1114 3850 1283 3922 imperatore
1299 3857 1489 3921 purpamentu
1509 3848 1623 3921 occipit,
1653 3844 1699 3902 bic
1718 3862 1776 3901 mo-

610 3964 664 4002 aua
685 3945 828 4022 supplices
851 3947 946 4004 tendit.
1661 3920 1668 3938 ⁶

660 4045 747 4104 Pueri
769 4050 940 4123 praesentia
966 4068 1062 4125 neque
1084 4048 1207 4108 fortuita
1228 4060 1274 4108 est
1296 4068 1391 4125 neque
1413 4068 1607 4127 supervacua,
1636 4050 1689 4107 sed
1711 4049 1776 4107 inde

609 4149 796 4226 explicanda,
829 4150 908 4226 quod
935 4152 1016 4210 cives
1043 4170 1103 4209 una
1129 4169 1196 4208 cum
1226 4151 1399 4228 coniugibus
1426 4162 1455 4209 et
1482 4151 1583 4210 liberie
1611 4152 1778 4210 suffimenta

610 4251 752 4328 petebant
771 4250 822 4323 (cf.
845 4263 977 4311 actorum
1001 4272 1046 4312 rr.
1063 4252 1185 4312 65-68
1207 4265 1332 4331 atquae
1354 4272 1372 4311 a
1394 4254 1579 4313 Mommseno
1600 4254 1777 4312 adnotantur

608 4373 637 4430 p.
655 4352 740 4426 250).
1873 4412 1874 4457 1

499 4474 527 4510 n.
545 4456 588 4512 3o
611 4452 730 4528 (Ceben
754 4476 782 4513 n.
799 4455 866 4533 83):
895 4458 945 4515 Ad
964 4460 1061 4516 oedem
1087 4468 1220 4534 quotuor
1245 4459 1290 4533 (in
1315 4461 1384 4518 aliia
1411 4458 1616 4535 exemplaribus
1642 4458 1774 4535 quinque)

608 4558 804 4616 columnarum
825 4564 996 4617 striatarum
1015 4564 1126 4636 penetra
1148 4560 1286 4619 Corinthii
1310 4561 1355 4636 (ia
1369 4563 1509 4637 soatipio:
1533 4559 1652 4635 corona)
1674 4565 1719 4618 nir
1738 4571 1775 4618 to·

606 4668 692 4735 potua
721 4660 889 4736 (imperator
915 4672 966 4719 out
985 4660 1021 4720 X
1024 4661 1113 4736 Vuir)
1143 4662 1172 4719 d.
1194 4672 1328 4739 weram
1354 4672 1448 4723 tenerer
1473 4665 1550 4721 redet
1575 4668 1605 4721 in
1633 4662 1773 4733 tribunali,

463 4954 467 4959 .
534 4909 557 4971 ¹)
577 4910 612 4960 N.
628 4913 652 4959 1.
672 4911 696 4960 b.
717 4910 795 4961 dall
816 4913 849 4962 ad
868 4914 1025 4978 exemplaria
1044 4915 1125 4964 musei
1143 4914 1256 4965 Parlslnl
1321 4930 1429 4980 quorum
1458 4922 1550 4981 ectypa
1576 4930 1703 4980 gypsaeea
1730 4916 1773 4964 mi·

576 5017 602 5051 n.
617 5002 666 5051 30.
692 5005 718 5052 4.
746 5000 793 5053 bd.
821 5007 864 5054 ll.
893 5006 925 5055 lb
952 5006 985 5055 ad
1012 5007 1169 5072 exemplaria
1192 5007 1272 5057 musei
1321 5019 1408 5057 serunt
1430 5007 1460 5056 L.
1481 5006 1596 5057 Babelon
1620 5016 1647 5056 st
1670 5006 1773 5068 Barclay
1871 5024 1872 5077 i

657 5094 839 5147 Londinisusis
1321 5100 1394 5150 Head

576 5202 601 5236 n.
615 5187 640 5235 2.
661 5183 706 5236 bb.
728 5189 752 5237 7.
775 5188 800 5238 9.
822 5189 864 5238 10.
886 5190 1001 5239 12-14.
1023 5190 1064 5240 16.
1088 5191 1120 5240 17
1140 5190 1173 5239 ad
1192 5191 1348 5255 exemplaria
1369 5193 1449 5241 musei
1468 5191 1649 5241 Berollnsusic.

531 5275 556 5340 ²)
576 5278 666 5329 (lobon
686 5280 817 5330 mullerem
838 5296 893 5331 esse
913 5281 983 5343 dicit,
1002 5296 1096 5331 errore.
