3798 5910
417 436 490 507 344
940 456 1212 507 sonrrsrrnnra

416 632 499 687 sione
527 639 655 701 retenta,
681 631 770 704 quale
795 631 999 704 expectaveris
1025 630 1130 687 avire
1156 629 1370 687 architecturae
1392 631 1600 706 potiusquam
1625 630 1739 706 epigra-

415 732 502 807 phiae
526 733 630 807 perito.

497 834 693 910 Diagramma
716 834 787 891 nihil
809 834 899 892 habet
918 835 998 909 qnod
1024 833 1155 891 offendat
1182 853 1236 910 per
1261 834 1477 892 architecturae
1502 835 1650 899 rationes.
1681 835 1738 890 nisi

414 935 503 1011 quod,
527 944 559 992 ut
580 948 660 995 recte
682 937 740 992 iam
764 937 935 994 observavit
955 936 1173 1006 Melchiorrius,
1195 954 1268 993 cava
1288 937 1318 993 in
1343 936 1490 1010 lapidibus
1504 936 1671 994 Tiburtinis
1694 937 1737 993 in-

414 1039 478 1096 cisa
499 1039 631 1096 cancello
653 1038 767 1095 aheneo
796 1039 893 1111 potius
919 1056 1008 1113 quam
1036 1038 1134 1114 ligneo
1161 1037 1330 1113 recipiendo
1357 1046 1427 1114 apta
1449 1038 1595 1095 ridentur.
1648 1037 1738 1095 Prae·

415 1151 496 1198 terea
517 1159 612 1216 neque
633 1141 787 1198 columnas
809 1151 922 1199 stantes
945 1154 996 1199 ant
1017 1150 1125 1198 tectum
1147 1141 1185 1197 iis
1208 1140 1426 1216 superpositum
1450 1142 1492 1198 ita
1514 1142 1608 1199 visum
1631 1158 1697 1197 esse
1721 1161 1739 1194 a

415 1242 537 1300 Perutio
558 1243 725 1311 credemus3
752 1243 803 1300 sed
828 1244 857 1300 in
880 1242 986 1301 talibus
1008 1243 1200 1301 architectum
1222 1242 1287 1301 eius
1308 1242 1414 1300 aetatis
1434 1242 1555 1318 ingenio
1577 1241 1740 1299 indulsisse

415 1352 645 1402 consentaneum
669 1356 723 1402 est

498 1446 550 1504 Eis
578 1465 655 1521 quae
682 1447 711 1502 in
742 1446 851 1504 scheda
878 1446 1053 1504 Florentiae
1079 1455 1220 1507 notantur
1249 1447 1306 1504 ianr
1335 1447 1442 1504 dudum
1471 1446 1657 1503 observatum
1691 1458 1737 1501 est

413 1548 614 1625 comparanda
637 1565 704 1606 esse
725 1565 801 1622 quae
824 1548 913 1606 tradit
939 1559 1044 1606 auctor
1070 1548 1205 1624 aequalis
1230 1548 1289 1606 flde
1315 1547 1421 1625 dignus
1450 1547 1617 1609 Flaminius
1637 1547 1738 1604 Vacca

414 1650 557 1724 (memorie
578 1672 606 1709 n.
623 1651 661 1709 99
685 1650 730 1706 ed.
748 1648 933 1724 Schreiber):
955 1670 997 1707 me
1018 1651 1132 1708 ricorde
1147 1652 1231 1723 Jirori
1252 1649 1329 1707 delle
1344 1651 1454 1708 sadettn
1468 1661 1554 1725 portu
1578 1649 1738 1722 (Portae),

414 1756 493 1809 cirea
514 1754 568 1809 due
593 1747 692 1810 baone
707 1754 809 1827 miqlia
836 1754 964 1825 lontano,
992 1754 1062 1810 doce
1088 1753 1173 1825 loppr'
1199 1756 1225 1809 ai
1250 1752 1362 1810 elium
1385 1752 1582 1827 Affopolaeino
1608 1770 1688 1809 cereo
1715 1753 1740 1806 il

415 1854 514 1912 Tevere
542 1858 573 1911 in
601 1858 670 1912 certi
697 1859 819 1914 coanettt'
844 1855 875 1912 cl
901 1865 991 1930 tempo
1018 1856 1049 1911 di
1078 1853 1217 1929 Greporio
1243 1856 1424 1912 decimoterto
1452 1855 1682 1927 (1572-1585)
1709 1856 1740 1908 oi

407 1959 515 2030 sarorio
538 1958 738 2015 castemola·
760 1957 868 2015 consoli
890 1957 1062 2025 dimersio,
1090 1960 1219 2014 noscano
1242 1957 1347 2014 huneco
1373 1957 1395 2013 il
1420 1974 1471 2014 suo
1495 1956 1661 2030 ptediatallo
1687 1972 1738 2010 eon

414 2056 439 2115 le
467 2060 573 2128 lettere,
598 2078 612 2115 e
633 2058 749 2116 coicum
775 2060 806 2115 di
830 2068 921 2116 trema
941 2058 1033 2133 palmi
1060 2058 1167 2133 lunpbo
1193 2058 1287 2127 leno,
1312 2059 1343 2115 di
1363 2076 1470 2115 moreto
1490 2059 1609 2133 partile:
1630 2060 1738 2129 sarcito

413 2169 508 2234 repnte
529 2179 543 2218 e
565 2165 708 2218 serrarum
735 2162 798 2218 allo
824 2161 936 2236 capello
961 2161 1158 2236 drepanam:
1188 2160 1209 2215 li
1235 2161 1342 2218 conaoli
1363 2164 1389 2244 si
1409 2178 1544 2235 sparsero
1572 2177 1626 2235 per·
1647 2159 1738 2218 Rotae

413 2266 443 2318 in
464 2263 569 2320 diuersi
591 2263 697 2337 inupti,
720 2282 767 2320 nro
788 2281 876 2321 enno
897 2265 937 2321 da
959 2266 1097 2321 mediocre
1116 2272 1238 2321 marano
1260 2263 1393 2321 lacerati.

497 2364 589 2422 Vides
609 2366 638 2422 in
660 2366 829 2423 universum
851 2365 936 2440 (licet
955 2366 991 2422 de
1011 2383 1089 2423 anno
1109 2364 1256 2423 erravisse
1273 2365 1387 2422 videtur
1404 2363 1515 2439 Vaces)
1538 2365 1737 2423 narrationem

415 2476 569 2540 utramque
596 2468 670 2524 bene
697 2468 867 2525 convenire:
897 2468 1049 2526 columnae
1075 2467 1154 2525 altae
1176 2468 1269 2525 fuisse
1291 2467 1406 2543 palmos
1429 2466 1549 2543 triginta
1577 2467 1736 2525 secundum

413 2568 556 2641 vaccam,
595 2569 717 2646 triginta
749 2570 878 2644 quinque
911 2570 1073 2627 secundum
1107 2568 1260 2626 Perutiunr
1294 2569 1505 2627 dubitationem
1539 2587 1597 2627 non
1632 2582 1736 2626 movet.

414 2668 536 2729 Statuas
559 2672 678 2728 coronis
701 2671 809 2745 spineis
834 2672 966 2747 insignes
989 2683 1122 2747 repertas
1144 2689 1211 2728 esse
1233 2671 1271 2728 ab
1290 2671 1403 2748 optimo
1422 2683 1542 2727 auctore
1555 2669 1653 2727 Vacca
1667 2691 1736 2728 con·

413 2773 561 2843 firmatur3
583 2793 651 2831 num
671 2791 708 2830 ex
732 2773 806 2848 ipsis
826 2773 971 2847 quaedam
993 2774 1144 2832 etiamtum
1160 2774 1312 2849 supersint
1332 2772 1587 2849 quaerendum¹);
1611 2773 1647 2830 de
1670 2775 1737 2830 titu-

414 2874 452 2932 lis
475 2876 602 2950 denique
625 2875 707 2934 nulla
729 2893 858 2951 unquam
881 2876 1024 2933 dubitatio
1046 2893 1112 2934 esse
1134 2876 1238 2952 potuit

498 2980 537 3034 At
559 2978 720 3035 narrationi
743 2996 821 3053 qnae
843 2988 928 3035 extet
950 2980 979 3035 in
1002 2977 1113 3036 scheda
1127 2975 1303 3035 Florentius
1324 2977 1410 3034 fidem
1432 2977 1551 3053 negavit
1564 2977 1736 3045 Henzenus‚

413 3080 489 3135 inter
515 3080 669 3137 mendacia
690 3079 851 3155 Liguriana
873 3100 938 3138 earn
960 3080 1144 3138 referendam
1167 3097 1234 3138 esse
1257 3096 1390 3137 censens.
1435 3076 1523 3150 Quod
1545 3080 1595 3154 qni
1618 3091 1734 3137 conterr-

412 3180 503 3250 derit,
530 3183 557 3238 ci
581 3192 632 3239 aut
653 3182 837 3257 probandum
866 3192 924 3254 est,
951 3182 1102 3241 offendere
1128 3201 1203 3258 quae
1229 3183 1259 3239 in
1286 3201 1323 3239 ea
1348 3180 1502 3239 medentur
1528 3200 1580 3257 per
1606 3182 1736 3239 rationes

490 3466 513 3528 ¹)
533 3469 669 3517 Hentenus
688 3468 756 3531 quod
775 3468 889 3533 scripsitr
910 3457 1011 3519 ‘carent
1030 3470 1099 3519 omni
1124 3469 1303 3533 probabilitate
1327 3483 1358 3517 ea
1382 3482 1446 3531 quae
1471 3468 1503 3517 de
1527 3482 1619 3518 norem
1645 3469 1735 3518 staturis

412 3566 562 3609 narrantur:
583 3574 649 3625 quae
668 3560 688 3608 si
710 3575 768 3609 rere
787 3562 813 3609 in
833 3561 979 3610 suburbano
999 3560 1115 3611 Gallettll
1134 3560 1242 3610 atienae
1261 3569 1354 3622 essent,
1374 3574 1420 3609 nec
1438 3559 1534 3609 Ursino
1553 3574 1601 3610 nee
1618 3560 1734 3609 Manntr'o

411 3653 514 3716 ignotae
534 3643 697 3701 mansissent’
722 3652 783 3701 mihi
803 3666 855 3702 non
876 3653 1006 3716 probatur.
1051 3653 1134 3703 Unica
1157 3654 1260 3718 quidem
1287 3660 1403 3716 protome
1423 3652 1520 3702 Romae
1544 3652 1621 3702 hodie
1645 3662 1735 3702 extans

411 3757 476 3807 quae
496 3744 678 3806 imperatorem
697 3751 873 3808 repraesentat
891 3746 976 3808 spicea
996 3760 1092 3795 corona
1110 3746 1244 3810 insignem,
1264 3745 1322 3794 dico
1343 3745 1452 3808 Augusti
1472 3752 1548 3807 caput
1566 3745 1592 3794 in
1608 3746 1734 3794 Vaticano

411 3844 539 3885 servatum
565 3835 691 3896 (Vincenti
715 3833 802 3885 Museo
823 3834 1047 3886 Pio-Clementiae
1066 3836 1105 3886 vl
1130 3846 1179 3886 tar.
1196 3836 1228 3885 37
1249 3853 1274 3901 p.
1291 3838 1341 3886 19³
1355 3852 1407 3902 sq.;
1434 3836 1528 3900 fletbig
1552 3835 1613 3885 erim.
1634 3833 1734 3886 Meroen

411 3928 467 3991 lp.
483 3925 546 3988 220)
570 3928 603 3975 ad
624 3927 690 3977 hanc
709 3928 801 3978 seriem
821 3930 947 3992 pertinere
971 3945 1024 3979 non
1044 3938 1139 3994 potest:
1166 3931 1211 3979 aed
1235 3929 1374 3979 nomadum
1400 3929 1469 3994 quod
1494 3929 1568 3979 addit
1586 3929 1734 3978 Viseontius

411 4019 438 4080 (l.
453 4036 475 4068 c.
495 4035 519 4083 p.
537 4020 587 4069 194
606 4035 631 4070 n.
647 4020 686 4079 3):
707 4009 744 4069 ‘il
759 4036 777 4084 p
797 4038 813 4069 a
833 4018 897 4069 dans
916 4015 1031 4071 l'otelrer
1054 4020 1088 4070 da
1107 4022 1233 4088 scalprtear
1252 4019 1289 4070 M.
1309 4019 1473 4071 Ferdianndo
1492 4017 1651 4071 Lisnndrorrt'
1671 4020 1735 4071 dett:

411 4107 471 4161 riter
495 4107 650 4172 tres-belles,
677 4112 722 4177 qui
737 4109 904 4179 representem
923 4110 1108 4163 Marc-Awdle
1131 4122 1155 4163 et
1173 4110 1269 4164 Lucius
1286 4110 1375 4173 Verus,
1402 4121 1457 4163 toea
1475 4112 1540 4162 dene
1552 4113 1652 4180 jessea,
1677 4130 1733 4164 coa·

410 4210 478 4252 verta
495 4198 556 4252 d'un
574 4203 653 4265 soils,
678 4211 703 4253 et
720 4202 856 4255 caurensis
875 4198 958 4271 rl'e'pr‘a
976 4221 1064 4255 comme
1083 4205 1119 4255 lea
1129 4202 1216 4269 freres
1235 4199 1367 4256 Arvales'.
1405 4207 1461 4255 Hae
1480 4205 1582 4269 quidem
1602 4214 1734 4270 protomae

412 4296 528 4344 diversae
548 4297 599 4346 sint
617 4311 721 4345 necesse
740 4306 777 4346 est
797 4298 829 4346 ab
848 4298 885 4347 eie
904 4312 969 4362 quae
988 4313 1056 4347 nunc
1075 4298 1242 4348 adservantur
1256 4299 1361 4349 Parisiis
1379 4299 1406 4347 in
1426 4313 1514 4348 museo
1528 4299 1640 4363 publico,
1660 4308 1735 4349 antea

411 4388 437 4436 in
457 4388 562 4437 castello
582 4389 683 4438 Ecouen
708 4385 804 4450 (Music
822 4385 955 4455 Nupoldon
979 4390 1034 4448 111,
1060 4391 1102 4440 50.
1123 4393 1173 4447 57:
1199 4391 1330 4441 Bernoulli
1355 4366 1633 4457 Rta'lkonoqraptte
1657 4391 1697 4454 11,
1717 4393 1732 4440 2

410 4494 435 4543 p.
452 4481 504 4529 144
523 4495 548 4528 n.
563 4478 610 4541 463
630 4496 655 4544 p.
671 4482 723 4530 209
743 4497 768 4530 n.
783 4479 837 4543 tt),
858 4482 902 4530 sed
923 4497 973 4545 quo
992 4483 1156 4545 pervenerint
1174 4484 1314 4548 ignoratur.
1353 4482 1500 4533 Videndum
1520 4485 1580 4534 item
1600 4484 1632 4533 de
1652 4484 1733 4547 capite

411 4570 562 4632 (colosseum
582 4572 645 4622 dicit
664 4572 795 4622 Bernoulli
815 4572 911 4635 errore)
936 4575 1005 4638 qnod
1025 4574 1087 4623 olim
1113 4575 1162 4624 luit
1180 4575 1278 4626 Rornae
1303 4576 1329 4624 in
1350 4575 1411 4624 villa
1428 4574 1642 4636 Matthselorum,
1667 4591 1733 4625 nuuc

302 4654 306 4659 ’
410 4670 482 4713 extat
504 4664 626 4714 Londinli
650 4665 676 4715 in
700 4679 789 4714 musae
809 4664 958 4715 Britannico
984 4662 1155 4732 (Description
1179 4667 1211 4730 os
1229 4665 1268 4717 tie
1292 4683 1347 4717 nnc.
1367 4665 1476 4716 rnnrhlee
1496 4668 1527 4729 V,
1548 4668 1578 4727 9;
1602 4667 1732 4718 Bernoulli

410 4753 596 4822 Ikonopraphe'e
616 4756 657 4819 11,
678 4758 693 4805 2
713 4772 738 4821 p.
756 4755 803 4806 171
827 4774 851 4806 n.
866 4757 920 4820 63).
965 4759 1036 4807 Haec
1055 4774 1107 4808 non
1126 4760 1306 4823 praetermissa
1325 4759 1434 4809 suntab
1454 4774 1485 4808 ea
1508 4775 1573 4824 quae
1597 4774 1678 4825 nuper
1702 4761 1733 4809 de

410 4847 548 4897 Arvalibus
567 4848 687 4898 disseruit
705 4848 788 4909 docte,
809 4856 837 4898 ut
853 4851 959 4911 adsolet,
981 4860 1005 4899 et
1019 4852 1156 4916 eleganter,
1175 4852 1286 4901 Hersilia
1299 4851 1546 4902 caetani-Loratelli
1566 4868 1588 4900 c.
1601 4852 1621 4901 l.
1641 4851 1662 4913 (i
1672 4852 1732 4917 fra·

410 4938 465 4988 telle'
482 4939 575 4989 Arvalr'
593 4955 606 4990 e
624 4939 646 4990 it
663 4939 717 4990 loro
736 4942 867 4991 noemmin
886 4959 899 4992 e
919 4940 991 4992 bosco
1010 4959 1085 4993 encre
1104 4943 1171 4993 rullo
1190 4945 1234 4993 oio
1249 4940 1385 5010 Campana,
1406 4959 1439 4993 ex
1459 4943 1622 5007 ephemeride
1640 4941 1733 4993 Nassa

411 5030 548 5097 Antoloqr'o
561 5031 602 5081 111
616 5031 644 5083 S.
658 5034 708 5081 vol.
721 5033 755 5082 30
774 5035 865 5084 iterum
885 5050 1034 5099 expressum
1054 5036 1081 5085 in
1095 5037 1223 5085 volumine
1237 5034 1402 5086 Miscellunea
1414 5033 1590 5101 archeolnpica
1607 5051 1632 5099 p.
1644 5038 1730 5085 222-

411 5121 481 5184 ets).
