3798 5910
665 613 715 663 sn
743 613 840 664 ncne
866 612 1067 664 snvsnrvu.
1392 623 1397 631 ·
1452 594 1525 664 848

205 786 369 861 bantur1),
397 806 463 846 cum
486 799 574 845 antee
595 787 638 844 ita
659 787 902 845 continuarentur
923 797 955 845 ut
976 786 1122 845 interdum
1146 788 1215 845 anni
1244 806 1338 862 neque
1365 787 1528 862 inciperent

205 910 224 947 a
245 888 401 966 principiis
424 889 603 961 tabularum,
626 908 721 965 neque
743 889 772 947 in
795 890 853 948 fine
875 909 973 947 earum
997 890 1112 947 exirent
1134 889 1271 962 (Hermen
1294 909 1322 965 p.
1339 887 1392 964 Χ).
1441 887 1529 961 Quod

205 1011 266 1068 quo
289 991 407 1067 planius
429 990 625 1068 intellegatur,
648 991 806 1068 imaginem
830 992 995 1050 tabularum
1019 991 1203 1068 quarundam
1223 991 1261 1048 ad
1273 991 1450 1066 Vespasiani
1466 990 1528 1049 Titi

206 1093 372 1153 Domitiani
395 1104 530 1169 tempora
553 1093 729 1168 pertinentia
750 1092 901 1152 subiunxi.

290 1195 406 1273 Singuli
438 1195 528 1272 igitur
559 1195 627 1253 anni
658 1194 727 1252 inde
759 1215 777 1251 a
807 1195 991 1271 temporibus
1016 1195 1182 1254 Domitiani
1215 1195 1369 1253 marmoris
1400 1196 1528 1273 spatium

207 1299 393 1374 occupabant
415 1298 507 1356 latum
530 1296 689 1370 aliquoties
711 1297 779 1371 plus
800 1306 894 1355 metro
918 1315 985 1369 uno,
1007 1315 1075 1354 raro
1097 1296 1255 1373 angustius
1277 1317 1315 1353 m.
1331 1292 1452 1372 030²).

291 1400 395 1476 ltaque
417 1400 474 1457 iam
497 1408 566 1457 acta
586 1398 655 1457 inde
676 1419 695 1457 a
716 1398 889 1458 Domitiano
912 1416 1005 1475 nsque
1026 1398 1063 1457 ad
1079 1399 1119 1457 Μ.
1136 1397 1291 1457 Aurelium
1314 1398 1355 1473 (a.
1371 1399 1528 1473 81-161)

206 1504 373 1581 perscripta
392 1501 519 1577 spatium
540 1501 724 1579 occupabant
744 1512 902 1560 metrorum
919 1519 977 1559 non
992 1502 1090 1559 minus
1106 1499 1146 1559 80
1160 1514 1195 1561 ><
1208 1501 1280 1560 070
1294 1527 1329 1551 =
1344 1502 1394 1560 66.
1428 1501 1529 1560 Aedes

207 1616 306 1664 antem
328 1604 456 1663 rotunda
477 1603 653 1662 diametrum
675 1603 764 1662 habet
785 1623 822 1661 m.
838 1601 887 1673 20,
910 1603 1062 1661 circuitum
1078 1623 1137 1661 non
1152 1603 1221 1680 plus
1236 1622 1274 1661 m.
1288 1602 1326 1662 63
1344 1603 1405 1677 (rel
1423 1606 1530 1662 rectius

208 1709 334 1767 deducto
357 1707 503 1765 scalarum
527 1705 625 1781 spatio
647 1724 683 1761 ιιι.
701 1704 765 1780 58).
817 1703 956 1780 Quinque
978 1715 1076 1764 autem
1099 1706 1145 1762 vel
1167 1723 1221 1765 sex
1246 1683 1404 1763 metrorum
1432 1707 1530 1782 spatio

207 1810 353 1887 perscribi
374 1809 510 1886 potuisse
531 1817 599 1865 acta
619 1807 687 1866 inde
709 1808 746 1864 ab
763 1808 890 1884 Augusti
913 1815 1009 1866 aetate
1032 1824 1125 1881 usque
1145 1808 1181 1867 ad
1204 1829 1231 1866 a.
1248 1808 1297 1877 86,
1320 1825 1379 1883 quo
1403 1808 1529 1884 primurn

208 1913 340 1971 tabulam
361 1911 506 1988 integram
531 1910 618 1968 unius
640 1910 711 1968 anni
732 1910 807 1967 actis
833 1909 1011 1968 destinatam
1039 1908 1131 1969 luisse
1156 1910 1299 1982 vidimus,
1327 1928 1413 1968 nemo
1438 1927 1530 1967 sanus

140 1996 146 2007 ⁵
208 2013 376 2073 contendet
420 2010 528 2089 Neque
548 2012 591 2069 ita
612 2029 660 2070 res
683 2012 817 2089 expediri
840 2022 938 2088 potest
959 2023 991 2070 ut
1017 2011 1047 2069 in
1073 2012 1240 2071 stereobata
1267 2012 1433 2071 tabularum
1460 2012 1532 2069 scri-

208 2126 326 2192 ptarum
349 2111 434 2173 binos
456 2114 587 2183 ordines,
608 2114 732 2173 alterum
749 2114 988 2190 suprachorum,
1010 2113 1114 2185 luisse,
1137 2125 1188 2173 aut
1203 2126 1315 2190 partem
1331 2133 1432 2173 earum
1453 2114 1531 2170 intra

208 2219 311 2277 aedem
339 2218 509 2288 rotundam,
537 2228 651 2293 partem
675 2228 760 2274 extra
782 2216 901 2275 affixam
932 2215 1023 2275 fnisse
1052 2216 1193 2275 dicemus.
1247 2217 1325 2275 Illud
1359 2236 1410 2292 per
1437 2216 1531 2273 archi·

209 2331 340 2379 tecturae
362 2319 494 2378 rationes
515 2318 599 2376 nullo
622 2327 708 2395 pacto
734 2318 850 2377 admitti
878 2328 991 2395 potestt
1019 2318 1075 2376 lroc
1101 2339 1137 2378 ne
1162 2318 1317 2377 credamne
1343 2317 1531 2395 prohibemur

210 2425 343 2500 ipsorum
366 2440 508 2481 saxorum
530 2439 569 2480 ex
591 2421 704 2497 pariete
726 2421 819 2478 cellae
841 2420 1021 2497 reliquorum
1041 2420 1196 2496 natura2),
1238 2419 1314 2482 Sunt
1333 2421 1410 2479 enim
1430 2437 1533 2478 crassa

194 2525 278 2601 ‚plus
301 2533 394 2582 metro
417 2543 484 2594 uno,
505 2533 537 2582 et
557 2523 601 2581 its
621 2533 792 2598 comparata
814 2532 846 2580 ut
866 2522 976 2582 tabulis
998 2535 1109 2598 partem
1127 2524 1271 2581 internam
1288 2523 1423 2582 vestitam
1439 2522 1532 2580 fuisse

211 2709 413 2719 ——-—

289 2848 312 2910 ¹)
330 2849 468 2915 starum
493 2855 532 2899 est
553 2848 724 2913 fragmentum
749 2847 847 2900 Domit.
868 2848 903 2901 D.
927 2849 999 2900 cuiue
1023 2850 1132 2914 paginae
1156 2850 1270 2913 integrae
1294 2856 1352 2899 sunt
1374 2863 1484 2913 superne
1508 2856 1532 2897 et

211 2942 280 2992 irrita
298 2956 381 3006 neque
401 2950 488 2992 temen
506 2940 665 2991 altitudinem
686 2957 718 2990 m.
730 2939 792 2991 088
812 2940 947 2992 excedunt.
980 2941 1033 2993 Sub
1053 2942 1171 2992 aedicula
1189 2948 1234 2990 ent
1250 2941 1363 2992 lenestra
1376 2940 1402 2991 id
1422 2941 1533 3005 positum

210 3034 290 3085 fuisse
302 3034 447 3098 suspiceris.
476 3033 616 3097 Postquam
629 3033 693 3083 lraec
706 3034 758 3084 iam
771 3035 838 3098 typis
851 3034 973 3084 mandata
984 3033 1095 3095 luerunt,
1115 3034 1249 3084 certiorem
1263 3048 1303 3084 me
1316 3032 1378 3083 lecit
1388 3033 1532 3098 Vaglieriue

210 3128 239 3176 in
257 3126 373 3191 margine
391 3126 494 3176 sinistro
514 3126 616 3175 tabulae
634 3140 658 3175 a.
673 3128 706 3176 88
727 3125 762 3186 (ιι.
777 3124 868 3188 8066),
888 3142 945 3176 cum
959 3139 1071 3176 marmor
1083 3142 1115 3176 ex
1135 3140 1258 3191 compage
1276 3125 1361 3190 lignea
1379 3126 1532 3186 demeretur,

211 3219 359 3269 observatas
382 3233 438 3268 ease
461 3218 560 3268 litterae
583 3233 678 3283 paucas
708 3218 1048 3293 “mim-simu·
1072 3215 1235 3310 slmbs.
1280 3219 1334 3269 Eae
1358 3224 1534 3269 remanserunt

211 3336 243 3370 ex
264 3319 385 3370 clausulis
404 3332 521 3371 versuum
541 3319 642 3370 tabulae
661 3321 850 3385 praecedentis,
874 3336 950 3386 quam
973 3320 1135 3371 manifestum
1155 3329 1194 3370 est
1212 3320 1322 3385 positam
1342 3319 1421 3370 misse
1438 3319 1532 3384 angulo

210 3419 282 3462 recto
300 3421 390 3462 contra
410 3411 521 3462 tabulam
542 3428 565 3462 a
581 3413 624 3473 88,
645 3427 725 3478 nsque
745 3413 893 3478 applicitam
911 3413 1031 3463 aedilicio
1051 3413 1170 3462 rotundo.

287 3522 312 3586 ²)
331 3525 372 3575 llx
391 3523 465 3573 aunis
483 3529 542 3588 post
560 3524 594 3574 81
615 3523 759 3574 tabularum
780 3523 939 3574 latitudinem
959 3524 1088 3589 cognitam
1107 3524 1243 3574 hebemus:

451 3629 475 3666 a.
496 3616 546 3665 ror
765 3615 794 3667 c.
815 3615 861 3678 v1,
882 3614 953 3665 anre
1203 3633 1237 3667 m,
1257 3617 1320 3666 nra

498 3708 550 3757 106
882 3709 953 3758 8076
1257 3709 1321 3759 080

499 3801 550 3849 118
882 3800 953 3850 8078
1257 3801 1322 3851 080

500 3891 553 3943 180
883 3894 954 3944 loto
1257 3893 1321 3943 080

500 3984 551 4033 188
883 3986 961 4036 rost
1261 3985 1342 4035 0801

477 4076 576 4132 tettae
885 4077 955 4127 8088
1261 4077 1343 4127 0681

499 4170 551 4220 180
882 4169 953 4218 8083
1259 4167 1342 4219 0701

501 4262 551 4313 146
884 4260 955 4311 8086
965 4276 1042 4326 supra
1055 4278 1080 4327 p.
1091 4263 1183 4327 451sq.
1259 4261 1323 4311 080

500 4354 551 4404 166
884 4353 955 4403 8088
1259 4354 1322 4405 068

288 4460 314 4525 ⁸)
337 4463 433 4514 Mirum
462 4465 488 4513 in
518 4465 622 4514 modum
646 4466 770 4515 memoria
799 4465 883 4529 lapsus
907 4470 945 4513 est
969 4464 1122 4515 Lancianius
1145 4480 1203 4515 cum
1227 4465 1290 4515 lraec
1312 4464 1434 4515 scriberet
1455 4463 1534 4528 (apud

212 4557 361 4606 Hensanum
381 4554 506 4606 relarsbne
525 4572 549 4620 p.
567 4555 642 4616 107);
663 4545 740 4606 ‘aelle
759 4556 842 4607 terrola
860 4555 889 4606 (1(Ι
904 4551 950 4623 piis
968 4557 1055 4608 metica
1072 4555 1138 4607 duta
1155 4552 1169 4607 i
1177 4557 1251 4621 fatte
1267 4551 1313 4625 pit
1331 4556 1397 4608 volte
1414 4558 1536 4607 memione

212 4646 241 4697 di
259 4664 293 4697 aa
312 4647 437 4714 ecmficio
453 4648 587 4716 ριάσοὶανε
605 4649 714 4714 esequitc
733 4649 766 4697 ob
784 4649 879 4699 terrum
899 4650 1007 4700 inlatum
1026 4650 1052 4700 lu
1072 4649 1161 4699 wdem
1186 4665 1276 4700 occec
1300 4651 1332 4699 de
1354 4650 1417 4699 aede
1441 4650 1535 4699 elatum

212 4740 353 4805 scripturae
372 4754 458 4791 causa.
498 4736 552 4791 Ora
571 4740 582 4788 i
591 4740 740 4806 fremente·
756 4742 882 4790 νίιιυοιιιιιί
899 4748 999 4791 cttorao
1019 4734 1140 4808 l'edafias'o
1158 4741 1294 4801 abcolere,
1317 4748 1411 4792 tattoru
1429 4740 1537 4808 diapente*

211 4833 239 4882 ιἰι
258 4831 346 4882 ordine
364 4832 536 4899 cronolofico,
563 4833 632 4883 ossio
649 4831 738 4882 caelati
754 4850 770 4882 a
790 4830 936 4882 drmiaaim
957 4831 1073 4883 distante
1095 4833 1142 4883 det
1164 4833 1249 4899 luogo,
1275 4848 1320 4884 oca
1334 4834 1431 4897 Jirrom
1455 4833 1538 4901 quiast'

210 4924 431 4992 ρνὴύίυαιιιοιιιε,
457 4932 645 4993 apportenpoao
662 4925 844 4992 precisusaente
866 4927 895 4975 cl
916 4925 997 4976 aecolo
1021 4924 1043 4975 Ι.
1091 4921 1180 4983 Queati
1200 4926 1313 4993 semfici
1335 4943 1385 4977 non
1408 4942 1468 4977 sono
1489 4922 1537 4993 piis

211 5017 347 5067 moveri
364 5016 433 5067 sellu
451 5017 532 5067 tacete
551 5016 580 5066 di
596 5033 675 5085 cpocu
693 5032 746 5067 msa
764 5023 871 5067 remota.-
895 5016 958 5067 onds
976 5014 990 5068 i
1008 5016 1095 5068 obiero
1115 5016 1159 5068 cle
1177 5033 1322 5079 cessarem,
1349 5017 1448 5085 pomario
1470 5018 1535 5069 cello

212 5106 330 5158 atilobcte
347 5106 389 5159 del
407 5110 494 5176 tempio
514 5125 590 5160 nenne
614 5127 631 5159 a
653 5126 770 5161 mancare
792 5110 814 5160 il
833 5117 907 5177 posto
927 5125 977 5178 per
997 5102 1141 5160 l'r'aca'aioae
1164 5109 1234 5177 degli
1256 5102 1323 5160 atti'.
1366 5113 1388 5160 11
1407 5114 1536 5162 sonnatio

213 5202 332 5253 sacrificii
351 5202 420 5251 illius
439 5203 534 5251 mentio
553 5201 625 5251 nulla
643 5209 716 5252 extat
733 5216 803 5253 anno
823 5205 855 5252 81
876 5203 1012 5267 antiquior,
1038 5210 1063 5249 et
1082 5205 1148 5251 inter
1167 5218 1190 5250 a.
1206 5203 1240 5252 68
1260 5212 1284 5251 et
1305 5206 1339 5253 80
1363 5205 1388 5252 in
1408 5213 1467 5254 acta
1490 5218 1534 5253 no·

213 5304 266 5344 tam
285 5309 342 5344 eam
362 5294 449 5343 inlerri
469 5303 584 5359 coeptam
604 5309 659 5345 ease
678 5296 765 5346 statuit
783 5296 920 5345 Hennaeus
939 5311 964 5359 p.
980 5296 1040 5343 108.
