3816 5912
396 478 469 552 238
1008 500 1105 553 aurs

398 600 567 610 ·—-—-—r
978 598 1718 611 *m*

391 671 470 728 illud
492 671 643 731 saeculum
665 673 774 731 liberae
796 675 839 731 rei
861 674 998 751 publicae
1020 693 1085 731 cum
1103 673 1243 732 celebrari
1259 675 1411 734 debuisset
1433 694 1510 733 anno
1525 674 1656 733 libertati
1677 672 1721 730 t‘a·

391 771 459 845 tali,
487 792 545 850 quo
567 776 666 852 erupit
692 775 802 833 bellum
826 777 912 835 civile
939 777 1016 835 inter
1038 773 1197 835 Caesarem
1225 783 1255 835 et
1275 776 1466 854 Pompeium,
1495 797 1559 836 cum
1586 777 1654 854 ipsa
1675 792 1721 833 se·

391 875 505 952 pultum
527 887 574 936 set
595 897 690 953 neque
713 897 765 954 per
779 896 832 937 eos
855 897 950 938 annos
972 879 1152 938 celebratum
1176 898 1270 956 neque
1292 889 1397 956 postea
1419 881 1473 939 sub
1492 878 1720 958 imperatoribus

392 977 453 1035 ullo
474 987 608 1055 tempore
634 982 852 1039 resuscitatum.
889 981 1012 1041 Omisso
1034 982 1174 1041 nimirum
1200 983 1257 1040 hnc
1278 982 1397 1041 saeculo
1420 984 1574 1062 Angustus
1596 981 1720 1040 alterum

362 1127 365 1131 .
392 1088 422 1138 et
444 1098 588 1139 annorum
604 1082 701 1159 spatio
723 1093 752 1140 et
772 1084 904 1142 terminis
921 1097 949 1142 et
964 1102 1114 1143 sacrorum
1138 1083 1253 1142 ratione
1268 1084 1419 1144 diversum
1434 1086 1587 1144 substituit
1601 1092 1720 1143 secutus

393 1184 546 1242 oraculum
568 1184 652 1257 illud,
674 1185 711 1242 de
726 1203 786 1260 quo
802 1186 1048 1263 supradiximus,
1071 1184 1204 1262 Sibyllae
1221 1187 1402 1263 applicatum
1426 1187 1647 1265 palingenesiae
1669 1205 1721 1244 an·

393 1303 496 1344 norum
524 1286 806 1364 quadringentorum
832 1288 1028 1367 quadraginta
1053 1288 1111 1346 iam
1135 1289 1302 1347 aVarrone
1317 1289 1509 1366 Vergilioque
1519 1287 1548 1366 l)
1575 1304 1722 1347 memora-

393 1396 449 1445 tae.
493 1387 541 1447 Ita
566 1390 597 1446 in
625 1409 657 1447 re
683 1391 803 1466 publica
830 1392 994 1468 imperante
1019 1409 1055 1448 en
1081 1392 1220 1449 restituta
1241 1410 1275 1449 aa
1296 1396 1405 1467 intsprn
1426 1410 1544 1469 quoqne
1565 1400 1653 1451 natus
1676 1400 1723 1448 est

393 1509 513 1565 mapaua
540 1492 610 1549 ordo
636 1494 820 1551 saeculoram.
867 1492 987 1553 Scilicet
1014 1511 1080 1550 cnm
1111 1493 1278 1551 saecularia
1303 1495 1403 1552 omnia
1431 1496 1469 1554 ab
1496 1514 1531 1553 eo
1564 1494 1724 1571 pendeant,

394 1593 474 1668 quod
500 1605 581 1652 certo
608 1594 708 1670 aliquo
735 1613 813 1653 anno
837 1592 992 1671 Sibyllinis
1019 1594 1105 1653 libris
1132 1597 1275 1671 inspectis
1301 1597 1420 1673 publice
1441 1605 1512 1656 vota
1534 1605 1603 1655 sunt
1624 1596 1726 1654 crede·

394 1693 537 1754 bantnrve
553 1705 622 1755 vota
642 1715 711 1756 esse
733 1698 762 1754 in
784 1705 958 1775 perpetuum
981 1698 1033 1767 ita,
1055 1708 1087 1755 nt
1107 1708 1177 1774 post
1198 1699 1348 1757 saeculum
1369 1700 1486 1758 demum
1509 1707 1723 1777 repeterentur,

394 1797 542 1856 eiusmodi
557 1809 627 1858 vote
647 1798 734 1877 plura
756 1810 784 1857 et
806 1799 926 1858 diversa
947 1799 1110 1875 antiquitus
1131 1800 1210 1858 iacta
1232 1817 1299 1859 esse
1313 1802 1365 1860 vix
1380 1802 1545 1875 veritatem,
1569 1802 1621 1860 sed
1644 1807 1725 1859 certe

394 1899 538 1958 rationem
562 1901 649 1960 habet
670 1903 823 1977 potuitque
846 1904 876 1960 in
891 1901 1037 1961 eiusmodi
1059 1902 1153 1961 sacris
1174 1903 1347 1963 ordinandis
1362 1902 1471 1981 Capito
1493 1905 1658 1980 potentium
1674 1921 1727 1961 vo·

394 2001 499 2060 luntati
527 2004 569 2060 ita
591 2005 807 2079 obtemperare,
837 2014 870 2062 ut
891 2005 1014 2063 decebat
1036 2005 1128 2063 virum
1155 2013 1216 2064 tam
1239 2006 1425 2084 antiquitatis
1451 2025 1577 2083 gnarum
1599 2014 1629 2063 et
1650 2005 1725 2063 iuris

396 2105 472 2163 sacri
494 2107 622 2181 peritum
637 2124 725 2182 qnam
740 2107 936 2183 obsequentia
958 2124 1014 2164 sua
1036 2107 1198 2167 florentem.
1233 2106 1312 2181 Quid
1327 2108 1406 2186 quod
1428 2119 1546 2186 praeter
1561 2111 1631 2168 bina
1650 2108 1727 2166 haec

397 2206 564 2266 saecularia
585 2209 673 2267 tertia
686 2228 805 2285 quoque
827 2209 1015 2267 inveniuntur
1029 2209 1178 2268 cardinem
1201 2211 1342 2270 habentia
1363 2231 1422 2270 non
1437 2231 1545 2271 annum
1561 2212 1622 2270 voti
1644 2210 1727 2281 sacti,

397 2308 450 2367 sed
473 2310 554 2368 urbis
577 2311 723 2371 conditae.
767 2311 845 2370 Nam
870 2310 1030 2369 secundum
1058 2313 1087 2369 id
1115 2312 1266 2372 saeculum
1290 2321 1319 2373 et
1340 2311 1485 2373 Claudius
1513 2315 1600 2373 lndos
1623 2332 1729 2372 saecu-

396 2410 475 2469 lares
498 2411 628 2488 edidit2)
651 2423 681 2472 et
702 2422 808 2491 postea
822 2413 981 2492 Philippus
1003 2432 1081 2472 anno
1097 2416 1178 2474 urbis
1201 2416 1361 2475 millesimo
1380 2411 1560 2476 ‘saecularia
1575 2410 1657 2475 uera'
1680 2435 1729 2473 ce·

398 2513 532 2573 lebravit.
564 2515 633 2575 Hoc
654 2517 814 2592 quaeritur,
837 2524 935 2576 utrum
953 2519 1109 2595 Augustus
1132 2518 1220 2577 ludos
1235 2519 1404 2578 saeculares
1427 2537 1498 2578 suos
1521 2518 1558 2578 ad
1581 2518 1727 2594 antiquin-

397 2634 444 2675 res
466 2617 509 2675 ita
528 2618 716 2695 applicuerit,
739 2628 843 2678 utens
866 2618 958 2677 videri
977 2618 1066 2678 vellet
1087 2637 1155 2678 esse
1177 2621 1307 2694 eosdem,
1330 2641 1368 2679 an
1391 2623 1503 2680 omisso
1525 2622 1630 2681 ordine
1651 2620 1728 2678 anti·

397 2737 456 2795 quo
479 2720 603 2778 alterum
625 2723 820 2780 substituerit.
853 2721 913 2780 lile
934 2722 1036 2796 opinio
1058 2740 1094 2779 eo
1116 2724 1349 2795 commendatur,
1371 2724 1452 2799 quod
1474 2724 1609 2800 aequalis
1623 2723 1730 2799 Augu·

398 2821 562 2882 stiLivius
584 2823 718 2882 deludis
740 2827 804 2884 eins
826 2825 1029 2883 saecularibus
1058 2824 1101 2882 ita
1125 2825 1253 2895 rettulit,
1281 2834 1431 2902 umquam
1455 2826 1607 2885 saeculnm
1630 2834 1730 2884 cente·

398 2925 514 2983 narium
541 2927 792 3002 continuarint³),
826 2937 856 2987 et
887 2946 953 2985 eum
987 2933 1106 2985 secutus
1133 2925 1316 2986 Censorinus
1342 2928 1378 2987 de
1405 2928 1544 2988 ludorum
1571 2927 1655 2987 annis
1685 2929 1731 2985 ita

399 3027 540 3104 disputat,
563 3030 649 3104 quasi
670 3028 732 3086 ludi
754 3030 883 3107 exempli
905 3048 997 3089 causa
1018 3029 1096 3087 tertii
1117 3030 1188 3088 facti
1207 3031 1267 3090 sint
1288 3037 1340 3088 ant
1361 3048 1388 3088 a.
1405 3030 1464 3090 505
1489 3030 1651 3089 secundum
1667 3031 1731 3088 An·

399 3129 500 3189 tiatem
523 3139 552 3188 et
574 3131 706 3208 reliquos
722 3132 833 3190 liberae
855 3131 898 3189 rei
921 3131 1058 3207 publicae
1081 3152 1178 3191 rerum
1195 3132 1355 3209 scriptores
1370 3142 1421 3189 aut
1442 3152 1469 3190 a.
1487 3134 1546 3192 518
1568 3133 1731 3192 secundum

400 3235 626 3293 commentarios
647 3234 810 3292 XVvirum.
848 3234 999 3292 Zosimurn
1022 3252 1141 3309 quoque
1167 3254 1259 3311 snpra
1280 3234 1409 3293 vidimus
1437 3235 1576 3295 similiter
1596 3254 1729 3293 narrare.

400 3334 605 3395 Nihilominus
627 3334 705 3394 Livii
728 3337 802 3395 haec
824 3337 957 3414 opinatio
980 3337 1129 3395 reicienda
1151 3347 1198 3396 est
1219 3345 1249 3395 et
1270 3337 1364 3397 altere
1386 3338 1549 3413 explicatio
1572 3337 1638 3395 sula
1663 3355 1732 3414 prn-

401 3506 603 3514 ——-—-——..

478 3628 501 3691 ¹)
531 3631 661 3694 Vergilius
680 3629 871 3693 cnm·eclogam
890 3636 1007 3694 quartam
1028 3629 1141 3694 scripsit,
1167 3629 1194 3678 id
1213 3630 1295 3694 ipsum
1315 3644 1433 3691 carmem
1459 3629 1528 3695 qnod
1547 3645 1594 3679 nos
1612 3629 1732 3694 legimus,

401 3739 460 3773 cum
477 3737 524 3773 sna
543 3722 592 3773 CX
612 3737 738 3773 annorum
757 3722 865 3785 periodo
890 3722 1017 3771 rettulisse
1037 3720 1137 3770 videtur
1156 3722 1189 3771 ad
1209 3722 1351 3772 anaemaris
1376 3722 1504 3772 celebrata
1527 3722 1667 3772 secundnm
1686 3738 1733 3771 an-

402 3816 474 3867 nales
494 3830 563 3866 anuo
582 3816 653 3865 urbis
673 3815 726 3865 605
745 3815 786 3863 rel
805 3814 872 3876 6083
897 3828 957 3863 nam
981 3829 1026 3877 per
1046 3813 1112 3864 hanc
1131 3816 1347 3878 computationem
1367 3815 1509 3865 saecularis
1527 3815 1616 3865 referri
1641 3822 1732 3879 poure-

403 3915 463 3959 ruut
481 3908 515 3958 ad
534 3923 558 3958 a
574 3908 635 3970 714,
660 3924 710 3973 quo
729 3907 814 3958 Pollio
833 3906 916 3956 fasces
934 3906 1021 3970 gessit
1060 3906 1136 3967 Quod
1156 3913 1289 3971 computus
1308 3921 1367 3957 rere
1385 3922 1437 3957 uuo
1457 3921 1526 3957 anno
1546 3907 1632 3956 differt
1650 3913 1684 3968 et,
1705 3906 1733 3954 id

404 4001 473 4066 quod
491 4001 594 4065 gravius
613 4008 660 4062 est,
686 3999 754 4065 qnod
773 4000 875 4049 saecula
894 3999 1042 4049 centenaria
1060 4001 1097 4048 ita
1116 4015 1173 4048 cum
1193 3999 1302 4049 saeculis
1321 4014 1447 4050 annorum
1466 4007 1631 4051 centenorum
1650 3999 1732 4048 deno-

405 4108 461 4144 rum
481 4093 682 4155 confnnduntur‚
701 4092 764 4142 satis
782 4092 941 4142 excusabunt
959 4091 1099 4141 blanditiae
1119 4092 1219 4141 clientis
1238 4098 1263 4140 et
1282 4098 1383 4155 poetae.

480 4184 504 4248 ²)
535 4187 606 4236 Haec
625 4186 714 4250 opinio
733 4185 795 4234 olim
815 4199 831 4233 a
849 4199 890 4233 me
909 4184 1017 4233 defensa
1035 4192 1061 4234 et
1079 4183 1243 4248 simplicitate
1261 4198 1307 4233 sua
1332 4185 1425 4249 opinor
1444 4185 1637 4235 commendatur
1657 4190 1682 4232 et
1701 4198 1733 4233 eo

405 4279 474 4344 qnod
496 4279 586 4329 scribit
604 4277 742 4330 Suetonius
761 4276 852 4327 Claud.
867 4279 915 4326 21:
935 4276 1003 4340 fecit
1020 4282 1045 4325 et
1062 4275 1205 4326 saeculares
1224 4276 1298 4341 qaum
1322 4278 1475 4343 anticipatos
1498 4275 1529 4325 ab
1550 4278 1663 4342 Asparata
1687 4291 1731 4324 nee

406 4371 514 4437 lepitimo
533 4372 639 4438 tempori
655 4376 804 4431 reservatos,
824 4370 899 4419 simul
920 4369 1037 4418 indicans
1051 4369 1160 4418 eundem
1174 4369 1353 4432 imperatorem
1374 4370 1401 4419 in
1420 4368 1535 4420 historiis
1554 4371 1606 4419 suis
1620 4369 1731 4432 Augusti

404 4465 519 4514 rationes
538 4465 667 4528 probasse.
697 4463 785 4513 Potuit
802 4461 886 4512 facere
903 4469 1046 4525 utrumque,
1066 4467 1092 4510 et
1111 4461 1224 4510 rationes
1242 4462 1433 4526 palingenesise
1452 4462 1520 4512 illins
1534 4460 1674 4513 CCCCXL
1687 4476 1735 4509 an-

406 4572 496 4607 norum
515 4556 651 4607 admittere
670 4563 696 4606 et
718 4556 799 4620 magis
822 4554 931 4619 probare
951 4554 1080 4604 saeculum
1104 4553 1219 4618 pendens
1243 4554 1275 4603 ab
1295 4555 1394 4617 origine
1412 4555 1483 4604 urbis
1503 4555 1618 4618 adeoque
1638 4553 1734 4602 addere

407 4649 498 4699 melius
515 4648 641 4700 iacturum
659 4648 738 4699 inisse
756 4650 909 4711 Augustum,
928 4646 956 4695 id
975 4648 995 4697 si
1016 4652 1183 4710 expectasset.
1218 4642 1353 4713 Utriusque
1368 4647 1498 4715 princepsa
1515 4647 1624 4696 rationes
1645 4645 1734 4707 (verba

407 4749 466 4793 sant
484 4742 569 4793 Taciti
588 4757 648 4793 ann.
664 4744 706 4804 ll,
728 4738 771 4801 ll)
796 4740 912 4790 ffirersae
937 4740 1017 4804 magis
1040 4739 1143 4789 fuerunt
1166 4754 1242 4803 quam
1266 4741 1420 4790 contrariae.
1457 4740 1537 4813 Recte
1559 4739 1638 4804 igitur
1656 4740 1735 4791 Seve-

406 4837 481 4885 riana
498 4834 640 4886 saecularia
658 4834 685 4884 in
705 4834 768 4883 actis
786 4833 890 4899 septima
909 4832 1080 4897 appellantur,
1100 4846 1153 4882 non
1173 4840 1272 4895 octava,
1293 4840 1321 4882 ut
1339 4841 1506 4884 numerantur
1525 4833 1592 4897 apud
1612 4829 1735 4883 Censori·

407 4943 468 4978 num
488 4927 677 4994 comprehensis
697 4926 855 4977 Claudianis.

483 5017 508 5081 ³)
536 5020 625 5071 Livius
644 5019 661 5068 l.
676 5019 819 5069 CXXXVI
837 5017 905 5082 apud
925 5018 1095 5067 Censorinum
1116 5018 1158 5079 17,
1173 5018 1203 5067 9:
1228 5016 1311 5066 endem
1330 5033 1394 5067 anno
1414 5015 1487 5067 ludos
1506 5018 1647 5067 saemlnrea
1669 5015 1732 5067 Cne-

408 5130 452 5163 snr
469 5114 565 5180 inperii
583 5118 711 5180 apparatu
726 5111 805 5175 seuit,
830 5126 892 5177 quos
916 5110 1044 5159 centenno
1069 5124 1163 5175 quoque
1183 5127 1248 5161 uano
1269 5137 1302 5147 -
1322 5112 1345 5160 is
1368 5111 1431 5162 euim
1456 5112 1571 5161 terminus
1594 5108 1648 5173 (hir
1670 5111 1733 5160 eninr

408 5207 537 5259 terminari
554 5205 623 5269 cod.)
642 5204 739 5256 saeculi
757 5231 790 5240 -
804 5204 866 5271 fieri
883 5219 935 5253 mna
953 5210 990 5252 est
1009 5202 1047 5264 (ut
1066 5202 1146 5265 cod).
