3768 5912
541 549 745 600 OONVENTVS
772 551 1005 601 EMERITENSIS

438 648 641 655 .-ι-ιφ..
729 648 816 656 —m

112 725 162 795 29
184 733 348 812 Emeritae,
379 735 482 793 tabula
513 755 679 795 marmorea
710 737 771 795 alta
796 756 836 796 m.
866 740 953 815 0.65,
982 738 1043 796 lata
1070 741 1156 817 0.52,
1190 739 1300 798 litteris
1329 740 1435 799 aetatis

159 841 316 914 Augustae
339 838 470 919 optimis,
493 840 561 899 altis
582 840 718 899 versibus
744 843 757 898 1
777 848 807 898 et
823 841 840 898 3
858 861 898 900 m.
917 845 977 920 (tl,
1001 845 1123 902 versu2
1146 862 1186 901 m.
1204 845 1287 922 0.08,
1309 847 1433 903 versut

160 961 200 1001 m.
225 945 308 1002 0.06.
355 944 460 1003 Servat
480 945 614 1004 Ioacbim
635 944 814 1021 Rodriguez.

574 1275 789 1316 1²·aTTs
827 1279 898 1317 ato.

679 1379 795 1420 ΑΗΘ
848 1382 956 1430 fiamine!

570 1482 591 1521 Α
636 1482 657 1522 V
701 1483 722 1524 G
765 1483 845 1526 Vati
867 1511 974 1525 .....

570 1584 787 1628 c·aTanN1v

107 1877 269 1955 Descripsi
298 1899 335 1937 ex
365 1886 469 1956 ectypo
497 1901 515 1938 a
540 1879 608 1939 Fita
635 1879 741 1960 misso,
772 1880 824 1956 qui
851 1882 896 1940 ed.
921 1879 974 1939 bol.
998 1882 1031 1938 de
1057 1883 1086 1939 Ia
1109 1883 1199 1941 Acad.
1230 1884 1319 1941 XXV
1349 1886 1429 1943 1894

107 2001 138 2059 p.
160 1985 234 2061 104,
252 1985 302 2042 63.
1212 1988 1217 1993 ’

151 2086 190 2145 Ρ.
217 2083 367 2146 Attmm'ua
401 2088 431 2146 C.
454 2090 488 2166 s.
519 2085 658 2167 (iudano)
697 2090 774 2168 Afer
801 2091 912 2166 flamen
946 2089 1070 2167 Aaqastr'
1096 2096 1238 2165 patronae
1272 2089 1431 2167 municipii

105 2191 284 2270 Eporensia,
307 2193 389 2267 quod
410 2191 502 2251 situm
521 2200 567 2251 est
587 2192 619 2250 in
633 2193 772 2252 Baeticae
794 2201 878 2271 parte
901 2193 1129 2270 septentrionali
1151 2215 1169 2253 a
1190 2193 1346 2253 Lusitania
1367 2214 1430 2253 non

106 2297 274 2356 admodum
295 2304 409 2355 remota
424 2293 463 2375 (Π
479 2293 583 2377 2159),
608 2298 644 2356 ab
666 2297 788 2356 homine
810 2299 867 2357 hoc
881 2297 1061 2357 Emeritensi
1076 2300 1203 2357 fortasse
1218 2319 1278 2358 non
1294 2298 1430 2358 diversus

106 2411 169 2475 est3
194 2408 229 2459 ut
250 2400 421 2459 observavit
434 2401 510 2461 Fita.
548 2403 638 2460 Unde
661 2402 814 2480 supplevi3
838 2403 891 2461 sed
913 2403 1068 2461 fatendum
1084 2403 1209 2478 cogitari
1229 2421 1317 2480 possa
1339 2401 1430 2461 etiam

104 2505 144 2562 de
168 2505 290 2564 homine
312 2505 490 2583 cognomine
512 2507 565 2565 sed
587 2506 656 2585 alio,
681 2506 745 2566 sive
766 2526 880 2582 augure
902 2506 965 2566 sive
986 2507 1157 2583 Augustali.

103 2739 151 2808 30
174 2747 339 2825 Euentus,
369 2748 402 2806 in
429 2763 548 2825 muse03
579 2750 680 2808 tabula
709 2749 829 2826 lapidea
855 2751 914 2809 alta
939 2770 978 2809 m.
1005 2753 1092 2829 orl,
1120 2751 1181 2809 lata
1204 2752 1291 2827 0.65‚
1320 2749 1428 2808 litteris

151 2871 230 2910 saec.
253 2854 283 2911 Π
304 2852 403 2931 bonis,
427 2852 496 2912 altis
517 2873 556 2912 m.
582 2854 654 2914 0.03
678 2855 716 2911 ad
740 2856 844 2913 0.025.

655 3185 882 3235 mmmmm

667 3274 868 3323 opcrauaoalupho

260 3372 373 3413 vim
400 3385 407 3399 ·
433 3372 608 3413 IVNIANA
633 3387 640 3400 ·
667 3373 709 3414 ΕΤ
735 3387 741 3399 ·
767 3372 967 3415 ANTONIVS
993 3385 1000 3399 ·
1031 3372 1275 3415 SATVRNINVS

262 3476 916 3519 MAVREN518·ANN·IxxI·MF.·V1V0·F
934 3477 997 3519 ·C0
1015 3476 1041 3519 SI
1065 3477 1121 3532 QYI
1145 3477 1183 3518 DE
1206 3476 1274 3518 MEIS

263 3580 355 3622 SVPER
368 3593 375 3608 ·
391 3581 449 3624 BOS
462 3593 469 3607 ·
485 3580 599 3623 Amos·
612 3581 740 3623 ussaw·
757 3581 832 3625 POST
853 3581 987 3623 OBITVM‘
1000 3581 1086 3623 MEVM
1101 3597 1107 3607 ·
1120 3564 1272 3636 TAMQJIM

102 3875 262 3952 Descripsi
288 3896 325 3935 ex
354 3884 459 3954 ectypo
489 3899 507 3936 a
535 3879 603 3938 Fito
631 3878 737 3957 misso,
769 3877 822 3952 qui
851 3878 897 3937 ed.
926 3876 980 3936 hol.
1004 3878 1037 3934 de
1059 3878 1088 3936 lu
1111 3877 1202 3936 Acod.
1226 3878 1315 3935 XXV
1342 3879 1423 3936 1894

101 4002 131 4057 p.
154 3984 226 4059 107,
246 3983 296 4041 68.

152 4085 384 4161 opulentam
407 4094 433 4143 at
454 4087 596 4145 Aaronom
618 4088 791 4146 Sutrrminua
807 4085 1010 4145 Madaurensi-a
1031 4082 1190 4164 aan(orum)
1213 4083 1326 4143 LXXI.
1372 4084 1424 4142 Me

100 4189 164 4248 va'oo
177 4186 368 4269 jiueimdum)
391 4188 526 4272 c[urcoc];
552 4192 579 4250 si
599 4192 648 4268 qui
669 4192 703 4249 de
723 4192 791 4249 mdo
813 4211 898 4267 asper
920 4211 964 4247 eoa
990 4211 1078 4248 cauca
1105 4189 1211 4248 auserit
1231 4197 1300 4264 post
1320 4186 1423 4247 obitum

101 4314 195 4351 meum
217 4302 358 4371 tucaquom
383 4291 499 4373 [aliems
521 4296 625 4354 eineres
645 4316 719 4356 nreoa
741 4316 891 4373 renovem,
915 4295 980 4352 deor
1001 4294 1110 4373 deseror
1131 4294 1220 4351 iratos
1241 4290 1362 4370 haemi

146 4399 259 4456 Mirum
274 4399 443 4457 Antonium
458 4399 654 4459 Saturninum
676 4401 757 4458 huno
772 4401 1013 4479 Madaurensem,
1036 4398 1095 4456 viri
1117 4406 1212 4456 aetate
1228 4396 1330 4455 Flavia
1352 4395 1424 4456 clari

101 4502 322 4582 cognominem,
347 4505 505 4562 defendere
527 4503 594 4563 iura
607 4503 745 4563 Manium
768 4511 871 4564 contra
892 4504 1024 4579 aliquem
1045 4505 1083 4562 de
1106 4501 1178 4580 suis,
1202 4502 1254 4577 qui
1276 4520 1360 4578 super
1378 4521 1423 4557 cos

101 4628 201 4685 amaus,
225 4609 313 4666 credo
335 4614 404 4684 post
425 4628 520 4667 annos
543 4607 732 4685 septuaginta
749 4628 852 4688 unum,
876 4607 987 4683 quibus
1003 4614 1230 4667 monumentum
1252 4605 1423 4663 faciendum

101 4719 271 4790 curaverat,
304 4710 324 4771 i.
346 4732 371 4771 e.
402 4719 471 4788 post
505 4712 635 4791 obitum,
665 4711 850 4771 committere
881 4711 955 4787 quid
985 4711 1106 4771 auserit.
1159 4708 1303 4787 Supplevi
1332 4710 1423 4766 finem

100 4813 251 4874 enuntiati
271 4816 304 4874 in
326 4816 419 4874 altero
441 4816 515 4874 olim
543 4816 643 4892 lapide
673 4817 824 4875 adiectum
845 4849 888 4860 -
909 4836 979 4875 narn
1000 4815 1050 4874 hic
1073 4815 1153 4874 infra
1174 4821 1220 4872 est
1241 4813 1358 4889 integer
1379 4844 1423 4854 -

101 4919 235 4997 exempli
250 4935 355 4997 causa,
379 4928 521 4998 tamquam
542 4915 663 5001 [costos
677 4922 725 4980 vel
740 4921 780 4981 od
791 4941 842 4980 noa
851 4923 1025 4997 pertinentes
1034 4941 1150 4997 peracre,
1167 4916 1323 4995 dobitfiseo
1335 4961 1404 4975 .....
1408 4914 1418 4995 ]

99 5025 260 5101 proposuit
281 5024 463 5085 Hirschfeld.
514 5027 656 5085 Cetemm
677 5025 820 5085 indicatio
843 5045 992 5085 annorum
1013 5026 1113 5083 LXXI
1135 5025 1252 5082 videtur
1274 5021 1422 5100 pertinere

100 5129 138 5187 ad
166 5129 322 5187 mulierem
348 5136 438 5205 atque
468 5129 591 5189 omnino
622 5132 748 5190 coninua
775 5136 847 5189 sunt
872 5149 949 5204 quae
979 5128 1012 5187 in
1038 5128 1139 5206 lapide
1168 5128 1246 5186 clare
1267 5127 1418 5202 leguntur.

99 5233 219 5291 Arserit
241 5236 338 5292 forma
359 5233 444 5292 iaxta
466 5234 558 5292 aerim
580 5232 676 5313 (Neue
699 5233 900 5292 Formenlehre
920 5231 965 5293 11²
987 5254 1016 5311 p.
1042 5228 1115 5314 542)
1137 5251 1200 5290 non
1224 5229 1382 5290 offendit'

142 5355 331 5414 amaseae
354 5374 456 5415 esron.
483 5375 551 5416 von.
571 5359 651 5415 VIII.
1172 5355 1212 5413 24
