<?xml version="1.0" encoding="UTF-8"?>
<!DOCTYPE html PUBLIC "-//W3C//DTD XHTML 1.0 Transitional//EN"
    "http://www.w3.org/TR/xhtml1/DTD/xhtml1-transitional.dtd">
<html xmlns="http://www.w3.org/1999/xhtml" xml:lang="en" lang="en">
 <head>
  <title>
</title>
<meta http-equiv="Content-Type" content="text/html;charset=utf-8" />
  <meta name='ocr-system' content='tesseract 3.04.00' />
  <meta name='ocr-capabilities' content='ocr_page ocr_carea ocr_par ocr_line ocrx_word'/>
</head>
<body>
  <div class='ocr_page' id='page_1' title='image "./ephemerisepigra20instgoog_0405.png"; bbox 0 0 3768 5912; ppageno 0'>
   <div class='ocr_carea' id='block_1_1' title="bbox 886 1528 1285 1640">
    <p class='ocr_par' dir='ltr' id='par_1_1' title="bbox 886 1528 1285 1640">
     <span class='ocr_line' id='line_1_1' title="bbox 886 1528 1285 1640; baseline 0 -2"><span class='ocrx_word' id='word_1_1' title='bbox 886 1528 951 1638; x_wconf 92' lang='grc' dir='ltr'><strong>ΙΙ.</strong></span> <span class='ocrx_word' id='word_1_2' title='bbox 1006 1528 1285 1640; x_wconf 70' lang='lat' dir='ltr'><strong>Bianor.</strong></span> 
     </span>
    </p>
   </div>
   <div class='ocr_carea' id='block_1_2' title="bbox 423 1932 1747 3335">
    <p class='ocr_par' dir='ltr' id='par_1_2' title="bbox 423 1932 1747 3335">
     <span class='ocr_line' id='line_1_2' title="bbox 426 1932 1746 2078; baseline -0.004 -15"><span class='ocrx_word' id='word_1_3' title='bbox 426 1932 613 2078; x_wconf 65' lang='lat' dir='ltr'><strong>Regiones</strong></span> <span class='ocrx_word' id='word_1_4' title='bbox 635 2001 751 2076; x_wconf 75' lang='lat' dir='ltr'>aliquot</span> <span class='ocrx_word' id='word_1_5' title='bbox 772 2001 909 2060; x_wconf 73' lang='lat' dir='ltr'>Baeticae</span> <span class='ocrx_word' id='word_1_6' title='bbox 932 1999 1126 2061; x_wconf 85' lang='lat' dir='ltr'><strong>occidentalis</strong></span> <span class='ocrx_word' id='word_1_7' title='bbox 1141 2009 1171 2060; x_wconf 89' lang='lat' dir='ltr'><strong>et</strong></span> <span class='ocrx_word' id='word_1_8' title='bbox 1185 2000 1388 2061; x_wconf 89' lang='lat' dir='ltr'><strong>meridionalis</strong></span> <span class='ocrx_word' id='word_1_9' title='bbox 1403 2020 1499 2077; x_wconf 84' lang='lat' dir='ltr'>nuper</span> <span class='ocrx_word' id='word_1_10' title='bbox 1513 1998 1746 2076; x_wconf 78' lang='lat' dir='ltr'><strong>inscriptionum</strong></span> 
     </span>
     <span class='ocr_line' id='line_1_3' title="bbox 428 2104 1746 2185; baseline -0.001 -22"><span class='ocrx_word' id='word_1_11' title='bbox 428 2126 519 2166; x_wconf 89' lang='lat' dir='ltr'><strong>causa</strong></span> <span class='ocrx_word' id='word_1_12' title='bbox 549 2105 681 2164; x_wconf 82' lang='lat' dir='ltr'><strong>visitavit</strong></span> <span class='ocrx_word' id='word_1_13' title='bbox 711 2105 793 2185; x_wconf 81' lang='lat' dir='ltr'><strong>Fita,</strong></span> <span class='ocrx_word' id='word_1_14' title='bbox 822 2127 890 2165; x_wconf 89' lang='lat' dir='ltr'><strong>cum</strong></span> <span class='ocrx_word' id='word_1_15' title='bbox 917 2108 1081 2166; x_wconf 74' lang='lat' dir='ltr'><strong>Emeritam</strong></span> <span class='ocrx_word' id='word_1_16' title='bbox 1107 2108 1164 2166; x_wconf 85' lang='lat' dir='ltr'><strong>iter</strong></span> <span class='ocrx_word' id='word_1_17' title='bbox 1186 2106 1307 2166; x_wconf 85' lang='lat' dir='ltr'><strong>fecisset</strong></span> <span class='ocrx_word' id='word_1_18' title='bbox 1329 2108 1367 2165; x_wconf 84' lang='lat' dir='ltr'><strong>ad</strong></span> <span class='ocrx_word' id='word_1_19' title='bbox 1388 2125 1526 2165; x_wconf 88' lang='lat' dir='ltr'><strong>museum</strong></span> <span class='ocrx_word' id='word_1_20' title='bbox 1548 2104 1592 2163; x_wconf 90' lang='lat' dir='ltr'><strong>ibi</strong></span> <span class='ocrx_word' id='word_1_21' title='bbox 1614 2104 1746 2184; x_wconf 75' lang='lat' dir='ltr'><strong>inaugu-</strong></span> 
     </span>
     <span class='ocr_line' id='line_1_4' title="bbox 429 2206 1747 2291; baseline -0.002 -21"><span class='ocrx_word' id='word_1_22' title='bbox 429 2212 558 2270; x_wconf 84' lang='lat' dir='ltr'><strong>randum</strong></span> <span class='ocrx_word' id='word_1_23' title='bbox 581 2206 618 2291; x_wconf 82' lang='lat' dir='ltr'><strong>(v.</strong></span> <span class='ocrx_word' id='word_1_24' title='bbox 643 2230 733 2287; x_wconf 91' lang='lat' dir='ltr'><strong>supra</strong></span> <span class='ocrx_word' id='word_1_25' title='bbox 754 2230 783 2287; x_wconf 90' lang='lat' dir='ltr'><strong>p.</strong></span> <span class='ocrx_word' id='word_1_26' title='bbox 809 2208 890 2291; x_wconf 87' lang='grc'><strong>360).</strong></span> <span class='ocrx_word' id='word_1_27' title='bbox 936 2214 1025 2270; x_wconf 88' lang='lat' dir='ltr'>Unde</span> <span class='ocrx_word' id='word_1_28' title='bbox 1048 2232 1123 2287; x_wconf 91' lang='lat' dir='ltr'><strong>quas</strong></span> <span class='ocrx_word' id='word_1_29' title='bbox 1144 2212 1176 2271; x_wconf 92' lang='lat' dir='ltr'><strong>in</strong></span> <span class='ocrx_word' id='word_1_30' title='bbox 1198 2210 1438 2287; x_wconf 80' lang='lat' dir='ltr'><strong>peregrinatione</strong></span> <span class='ocrx_word' id='word_1_31' title='bbox 1460 2210 1513 2268; x_wconf 90' lang='lat' dir='ltr'><strong>illa</strong></span> <span class='ocrx_word' id='word_1_32' title='bbox 1533 2209 1747 2287; x_wconf 75' lang='lat' dir='ltr'><strong>inscriptiones</strong></span> 
     </span>
     <span class='ocr_line' id='line_1_5' title="bbox 425 2314 1745 2393; baseline -0.002 -20"><span class='ocrx_word' id='word_1_33' title='bbox 425 2314 489 2374; x_wconf 81' lang='lat' dir='ltr'><strong>sire</strong></span> <span class='ocrx_word' id='word_1_34' title='bbox 515 2315 591 2374; x_wconf 87' lang='lat' dir='ltr'><strong>vidit</strong></span> <span class='ocrx_word' id='word_1_35' title='bbox 619 2317 716 2374; x_wconf 86' lang='lat' dir='ltr'><strong>adhuc</strong></span> <span class='ocrx_word' id='word_1_36' title='bbox 742 2315 917 2391; x_wconf 73' lang='lat' dir='ltr'><strong>superstites</strong></span> <span class='ocrx_word' id='word_1_37' title='bbox 945 2316 1008 2374; x_wconf 84' lang='lat' dir='ltr'><strong>sive</strong></span> <span class='ocrx_word' id='word_1_38' title='bbox 1031 2318 1141 2375; x_wconf 86' lang='lat' dir='ltr'><strong>frustra</strong></span> <span class='ocrx_word' id='word_1_39' title='bbox 1163 2316 1367 2393; x_wconf 76' lang='lat' dir='ltr'><strong>investigavit,</strong></span> <span class='ocrx_word' id='word_1_40' title='bbox 1398 2334 1473 2390; x_wconf 89' lang='lat' dir='ltr'><strong>quas</strong></span> <span class='ocrx_word' id='word_1_41' title='bbox 1499 2314 1686 2373; x_wconf 79' lang='lat' dir='ltr'><strong>enumeravit</strong></span> <span class='ocrx_word' id='word_1_42' title='bbox 1714 2321 1745 2372; x_wconf 90' lang='lat' dir='ltr'><strong>et</strong></span> 
     </span>
     <span class='ocr_line' id='line_1_6' title="bbox 426 2417 1745 2498; baseline -0.003 -19"><span class='ocrx_word' id='word_1_43' title='bbox 426 2421 525 2480; x_wconf 84' lang='lat' dir='ltr'><strong>denuo</strong></span> <span class='ocrx_word' id='word_1_44' title='bbox 556 2419 683 2496; x_wconf 86' lang='lat' dir='ltr'><strong>protulit</strong></span> <span class='ocrx_word' id='word_1_45' title='bbox 704 2420 736 2477; x_wconf 94' lang='lat' dir='ltr'><strong>in</strong></span> <span class='ocrx_word' id='word_1_46' title='bbox 759 2419 904 2479; x_wconf 83' lang='lat' dir='ltr'><strong>relatione</strong></span> <span class='ocrx_word' id='word_1_47' title='bbox 926 2420 1044 2480; x_wconf 89' lang='lat' dir='ltr'><strong>itineris</strong></span> <span class='ocrx_word' id='word_1_48' title='bbox 1066 2420 1150 2479; x_wconf 88' lang='lat' dir='ltr'><strong>illius</strong></span> <span class='ocrx_word' id='word_1_49' title='bbox 1171 2440 1266 2498; x_wconf 85' lang='lat' dir='ltr'><strong>paene</strong></span> <span class='ocrx_word' id='word_1_50' title='bbox 1289 2440 1402 2497; x_wconf 91' lang='lat' dir='ltr'><strong>omnes,</strong></span> <span class='ocrx_word' id='word_1_51' title='bbox 1426 2417 1559 2478; x_wconf 85' lang='lat' dir='ltr'><strong>indicari</strong></span> <span class='ocrx_word' id='word_1_52' title='bbox 1580 2417 1660 2476; x_wconf 83' lang='lat' dir='ltr'><strong>infra</strong></span> <span class='ocrx_word' id='word_1_53' title='bbox 1682 2438 1745 2476; x_wconf 92' lang='lat' dir='ltr'><strong>nna</strong></span> 
     </span>
     <span class='ocr_line' id='line_1_7' title="bbox 425 2523 1743 2603; baseline -0.002 -21"><span class='ocrx_word' id='word_1_54' title='bbox 425 2544 493 2582; x_wconf 89' lang='lat' dir='ltr'><strong>cum</strong></span> <span class='ocrx_word' id='word_1_55' title='bbox 514 2544 612 2599; x_wconf 86' lang='lat' dir='ltr'><strong>nuper</strong></span> <span class='ocrx_word' id='word_1_56' title='bbox 633 2523 768 2603; x_wconf 81' lang='lat' dir='ltr'><strong>repertis,</strong></span> <span class='ocrx_word' id='word_1_57' title='bbox 792 2546 868 2599; x_wconf 88' lang='lat' dir='ltr'><strong>quae</strong></span> <span class='ocrx_word' id='word_1_58' title='bbox 889 2532 1079 2584; x_wconf 88' lang='lat' dir='ltr'><strong>accesserunt</strong></span> <span class='ocrx_word' id='word_1_59' title='bbox 1092 2546 1145 2602; x_wconf 89' lang='lat' dir='ltr'><strong>per</strong></span> <span class='ocrx_word' id='word_1_60' title='bbox 1160 2525 1259 2602; x_wconf 90' lang='lat' dir='ltr'><strong>ipsum</strong></span> <span class='ocrx_word' id='word_1_61' title='bbox 1275 2523 1400 2600; x_wconf 87' lang='lat' dir='ltr'><strong>eiusque</strong></span> <span class='ocrx_word' id='word_1_62' title='bbox 1416 2525 1527 2583; x_wconf 88' lang='lat' dir='ltr'><strong>amicos</strong></span> <span class='ocrx_word' id='word_1_63' title='bbox 1543 2530 1596 2582; x_wconf 88' lang='lat' dir='ltr'><strong>aut</strong></span> <span class='ocrx_word' id='word_1_64' title='bbox 1610 2523 1743 2599; x_wconf 76' lang='lat' dir='ltr'><strong>aliunde,</strong></span> 
     </span>
     <span class='ocr_line' id='line_1_8' title="bbox 423 2626 1746 2708; baseline -0.001 -22"><span class='ocrx_word' id='word_1_65' title='bbox 423 2628 528 2705; x_wconf 86' lang='lat' dir='ltr'><strong>paucis</strong></span> <span class='ocrx_word' id='word_1_66' title='bbox 549 2627 611 2687; x_wconf 92' lang='lat' dir='ltr'><strong>illis</strong></span> <span class='ocrx_word' id='word_1_67' title='bbox 633 2648 689 2688; x_wconf 90' lang='lat' dir='ltr'><strong>neo</strong></span> <span class='ocrx_word' id='word_1_68' title='bbox 711 2629 815 2708; x_wconf 79' lang='lat' dir='ltr'><strong>magni</strong></span> <span class='ocrx_word' id='word_1_69' title='bbox 835 2629 988 2688; x_wconf 88' lang='lat' dir='ltr'><strong>momenti.</strong></span> <span class='ocrx_word' id='word_1_70' title='bbox 1044 2628 1187 2688; x_wconf 88' lang='lat' dir='ltr'><strong>Gaditani</strong></span> <span class='ocrx_word' id='word_1_71' title='bbox 1210 2630 1357 2688; x_wconf 87' lang='lat' dir='ltr'><strong>debentur</strong></span> <span class='ocrx_word' id='word_1_72' title='bbox 1378 2630 1409 2686; x_wconf 93' lang='lat' dir='ltr'><strong>P.</strong></span> <span class='ocrx_word' id='word_1_73' title='bbox 1430 2629 1589 2686; x_wconf 88' lang='lat' dir='ltr'><strong>Francisco</strong></span> <span class='ocrx_word' id='word_1_74' title='bbox 1612 2629 1650 2686; x_wconf 87' lang='lat' dir='ltr'><strong>de</strong></span> <span class='ocrx_word' id='word_1_75' title='bbox 1671 2626 1746 2685; x_wconf 89' lang='lat' dir='ltr'><strong>Asis</strong></span> 
     </span>
     <span class='ocr_line' id='line_1_9' title="bbox 425 2732 1745 2813; baseline -0.002 -22"><span class='ocrx_word' id='word_1_76' title='bbox 425 2736 512 2813; x_wconf 89' lang='lat' dir='ltr'><strong>Vera,</strong></span> <span class='ocrx_word' id='word_1_77' title='bbox 528 2733 703 2792; x_wconf 86' lang='lat' dir='ltr'><strong>Malaoitani</strong></span> <span class='ocrx_word' id='word_1_78' title='bbox 718 2742 748 2792; x_wconf 88' lang='lat' dir='ltr'><strong>et</strong></span> <span class='ocrx_word' id='word_1_79' title='bbox 762 2735 972 2793; x_wconf 86' lang='lat' dir='ltr'><strong>Cordubenses</strong></span> <span class='ocrx_word' id='word_1_80' title='bbox 986 2735 1159 2810; x_wconf 82' lang='lat' dir='ltr'><strong>Berlangae.</strong></span> <span class='ocrx_word' id='word_1_81' title='bbox 1193 2736 1323 2793; x_wconf 85' lang='lat' dir='ltr'><strong>Schedae</strong></span> <span class='ocrx_word' id='word_1_82' title='bbox 1337 2733 1461 2792; x_wconf 85' lang='lat' dir='ltr'><strong>Martini</strong></span> <span class='ocrx_word' id='word_1_83' title='bbox 1472 2735 1610 2807; x_wconf 84' lang='lat' dir='ltr'><strong>Vazquea</strong></span> <span class='ocrx_word' id='word_1_84' title='bbox 1625 2732 1745 2790; x_wconf 88' lang='lat' dir='ltr'><strong>Siruela</strong></span> 
     </span>
     <span class='ocr_line' id='line_1_10' title="bbox 425 2833 1740 2918; baseline -0.003 -21"><span class='ocrx_word' id='word_1_85' title='bbox 425 2834 473 2917; x_wconf 85' lang='lat' dir='ltr'><strong>(cf.</strong></span> <span class='ocrx_word' id='word_1_86' title='bbox 498 2840 555 2897; x_wconf 80' lang='lat' dir='ltr'><strong>rol.</strong></span> <span class='ocrx_word' id='word_1_87' title='bbox 579 2840 659 2915; x_wconf 88' lang='lat' dir='ltr'><strong>Hp.</strong></span> <span class='ocrx_word' id='word_1_88' title='bbox 683 2840 757 2898; x_wconf 85' lang='lat' dir='ltr'><strong>XIX</strong></span> <span class='ocrx_word' id='word_1_89' title='bbox 782 2833 833 2918; x_wconf 89' lang='grc'><strong>53)</strong></span> <span class='ocrx_word' id='word_1_90' title='bbox 856 2846 988 2899; x_wconf 83' lang='lat' dir='ltr'><strong>servatae</strong></span> <span class='ocrx_word' id='word_1_91' title='bbox 1010 2840 1132 2917; x_wconf 87' lang='lat' dir='ltr'><strong>Hispali</strong></span> <span class='ocrx_word' id='word_1_92' title='bbox 1153 2839 1186 2897; x_wconf 90' lang='lat' dir='ltr'><strong>in</strong></span> <span class='ocrx_word' id='word_1_93' title='bbox 1207 2838 1390 2898; x_wconf 90' lang='lat' dir='ltr'><strong>bibliotheca</strong></span> <span class='ocrx_word' id='word_1_94' title='bbox 1413 2836 1593 2896; x_wconf 85' lang='lat' dir='ltr'><strong>Columbina</strong></span> <span class='ocrx_word' id='word_1_95' title='bbox 1615 2834 1656 2916; x_wconf 91' lang='lat' dir='ltr'><strong>(n.</strong></span> <span class='ocrx_word' id='word_1_96' title='bbox 1683 2838 1740 2894; x_wconf 84' lang='grc'><strong>131</strong></span> 
     </span>
     <span class='ocr_line' id='line_1_11' title="bbox 424 2940 1744 3023; baseline -0.002 -22"><span class='ocrx_word' id='word_1_97' title='bbox 424 2975 468 2986; x_wconf 93' lang='grc'>-</span> <span class='ocrx_word' id='word_1_98' title='bbox 482 2946 539 3002; x_wconf 88' lang='grc'><strong>190</strong></span> <span class='ocrx_word' id='word_1_99' title='bbox 552 2976 594 2986; x_wconf 93' lang='lat'><em>-</em></span> <span class='ocrx_word' id='word_1_100' title='bbox 610 2940 690 3023; x_wconf 84' lang='lat'><strong>105),</strong></span> <span class='ocrx_word' id='word_1_101' title='bbox 714 2945 751 3001; x_wconf 89' lang='lat' dir='ltr'><strong>de</strong></span> <span class='ocrx_word' id='word_1_102' title='bbox 774 2943 885 3019; x_wconf 89' lang='lat' dir='ltr'><strong>quibus</strong></span> <span class='ocrx_word' id='word_1_103' title='bbox 907 2943 1022 3003; x_wconf 90' lang='lat' dir='ltr'><strong>rettulit</strong></span> <span class='ocrx_word' id='word_1_104' title='bbox 1043 2946 1194 3003; x_wconf 86' lang='lat' dir='ltr'><strong>Arthurus</strong></span> <span class='ocrx_word' id='word_1_105' title='bbox 1217 2945 1314 3019; x_wconf 82' lang='lat' dir='ltr'><strong>Engel</strong></span> <span class='ocrx_word' id='word_1_106' title='bbox 1329 2940 1473 3023; x_wconf 81' lang='lat' dir='ltr'><strong>(Rapport</strong></span> <span class='ocrx_word' id='word_1_107' title='bbox 1486 2963 1535 3001; x_wconf 79' lang='lat' dir='ltr'><strong>sur</strong></span> <span class='ocrx_word' id='word_1_108' title='bbox 1549 2964 1602 3000; x_wconf 79' lang='lat' dir='ltr'><strong>unc</strong></span> <span class='ocrx_word' id='word_1_109' title='bbox 1619 2940 1744 2999; x_wconf 64' lang='lat' dir='ltr'><strong>Medon</strong></span> 
     </span>
     <span class='ocr_line' id='line_1_12' title="bbox 424 3046 1741 3126; baseline -0.001 -22"><span class='ocrx_word' id='word_1_110' title='bbox 424 3048 633 3125; x_wconf 72' lang='lat' dir='ltr'><strong>arcMchrqa&#39;que</strong></span> <span class='ocrx_word' id='word_1_111' title='bbox 648 3069 682 3105; x_wconf 78' lang='lat' dir='ltr'><strong>en</strong></span> <span class='ocrx_word' id='word_1_112' title='bbox 697 3047 827 3125; x_wconf 74' lang='lat' dir='ltr'><strong>Espopna</strong></span> <span class='ocrx_word' id='word_1_113' title='bbox 843 3050 935 3126; x_wconf 79' lang='grc'><strong>1891,</strong></span> <span class='ocrx_word' id='word_1_114' title='bbox 953 3049 1102 3107; x_wconf 80' lang='lat' dir='ltr'><strong>Noaoellsa</strong></span> <span class='ocrx_word' id='word_1_115' title='bbox 1117 3048 1253 3107; x_wconf 72' lang='lat' dir='ltr'><strong>Arckives</strong></span> <span class='ocrx_word' id='word_1_116' title='bbox 1268 3050 1315 3106; x_wconf 84' lang='lat' dir='ltr'><strong>des</strong></span> <span class='ocrx_word' id='word_1_117' title='bbox 1331 3048 1474 3125; x_wconf 70' lang='lat' dir='ltr'><strong>Massicus,</strong></span> <span class='ocrx_word' id='word_1_118' title='bbox 1492 3055 1563 3106; x_wconf 84' lang='lat' dir='ltr'><strong>tome</strong></span> <span class='ocrx_word' id='word_1_119' title='bbox 1576 3046 1635 3105; x_wconf 89' lang='lat' dir='ltr'><strong>III</strong></span> <span class='ocrx_word' id='word_1_120' title='bbox 1649 3047 1741 3122; x_wconf 81' lang='lat'><strong>1892,</strong></span> 
     </span>
     <span class='ocr_line' id='line_1_13' title="bbox 423 3149 1743 3233; baseline -0.002 -23"><span class='ocrx_word' id='word_1_121' title='bbox 423 3153 546 3211; x_wconf 88' lang='lat' dir='ltr'><strong>Parisiis</strong></span> <span class='ocrx_word' id='word_1_122' title='bbox 565 3156 654 3229; x_wconf 86' lang='grc'><strong>1803,</strong></span> <span class='ocrx_word' id='word_1_123' title='bbox 677 3174 706 3230; x_wconf 88' lang='lat' dir='ltr'><strong>p.</strong></span> <span class='ocrx_word' id='word_1_124' title='bbox 726 3149 786 3233; x_wconf 84' lang='grc'><strong>37),</strong></span> <span class='ocrx_word' id='word_1_125' title='bbox 810 3173 878 3211; x_wconf 89' lang='lat' dir='ltr'><strong>oum</strong></span> <span class='ocrx_word' id='word_1_126' title='bbox 901 3174 919 3212; x_wconf 85' lang='lat' dir='ltr'><strong>a</strong></span> <span class='ocrx_word' id='word_1_127' title='bbox 939 3173 987 3211; x_wconf 88' lang='lat' dir='ltr'><strong>me</strong></span> <span class='ocrx_word' id='word_1_128' title='bbox 1010 3154 1145 3212; x_wconf 90' lang='lat' dir='ltr'><strong>adhiberi</strong></span> <span class='ocrx_word' id='word_1_129' title='bbox 1167 3174 1228 3211; x_wconf 92' lang='lat' dir='ltr'><strong>non</strong></span> <span class='ocrx_word' id='word_1_130' title='bbox 1249 3153 1411 3231; x_wconf 89' lang='lat' dir='ltr'><strong>potuerint,</strong></span> <span class='ocrx_word' id='word_1_131' title='bbox 1436 3171 1522 3228; x_wconf 89' lang='lat' dir='ltr'><strong>spero</strong></span> <span class='ocrx_word' id='word_1_132' title='bbox 1546 3153 1611 3210; x_wconf 86' lang='lat' dir='ltr'><strong>fore</strong></span> <span class='ocrx_word' id='word_1_133' title='bbox 1632 3159 1668 3210; x_wconf 88' lang='lat' dir='ltr'><strong>nt</strong></span> <span class='ocrx_word' id='word_1_134' title='bbox 1687 3150 1743 3208; x_wconf 90' lang='lat' dir='ltr'><strong>ali-</strong></span> 
     </span>
     <span class='ocr_line' id='line_1_14' title="bbox 423 3255 1653 3335; baseline -0.001 -20"><span class='ocrx_word' id='word_1_135' title='bbox 423 3259 543 3332; x_wconf 88' lang='lat' dir='ltr'><strong>quando</strong></span> <span class='ocrx_word' id='word_1_136' title='bbox 566 3257 781 3316; x_wconf 75' lang='lat' dir='ltr'><strong>examinentur.</strong></span> <span class='ocrx_word' id='word_1_137' title='bbox 828 3259 888 3317; x_wconf 81' lang='lat' dir='ltr'><strong>Sed</strong></span> <span class='ocrx_word' id='word_1_138' title='bbox 911 3278 972 3317; x_wconf 91' lang='lat' dir='ltr'><strong>non</strong></span> <span class='ocrx_word' id='word_1_139' title='bbox 994 3265 1068 3335; x_wconf 88' lang='lat' dir='ltr'><strong>puto</strong></span> <span class='ocrx_word' id='word_1_140' title='bbox 1091 3259 1186 3317; x_wconf 86' lang='lat' dir='ltr'><strong>multa</strong></span> <span class='ocrx_word' id='word_1_141' title='bbox 1208 3257 1280 3316; x_wconf 89' lang='lat' dir='ltr'><strong>inde</strong></span> <span class='ocrx_word' id='word_1_142' title='bbox 1303 3277 1380 3316; x_wconf 89' lang='lat' dir='ltr'><strong>nova</strong></span> <span class='ocrx_word' id='word_1_143' title='bbox 1402 3255 1557 3333; x_wconf 88' lang='lat' dir='ltr'><strong>proditura</strong></span> <span class='ocrx_word' id='word_1_144' title='bbox 1579 3275 1653 3315; x_wconf 84' lang='lat' dir='ltr'><strong>esse.</strong></span> 
     </span>
    </p>
   </div>
   <div class='ocr_carea' id='block_1_3' title="bbox 777 3563 1392 3651">
    <p class='ocr_par' dir='ltr' id='par_1_3' title="bbox 777 3563 1392 3651">
     <span class='ocr_line' id='line_1_15' title="bbox 777 3563 1392 3651; baseline -0.007 -1"><span class='ocrx_word' id='word_1_145' title='bbox 777 3564 1048 3651; x_wconf 76' lang='lat' dir='ltr'>OONVENTVS</span> <span class='ocrx_word' id='word_1_146' title='bbox 1075 3563 1392 3651; x_wconf 82' lang='lat' dir='ltr'><strong>lllSPALllNSlS.</strong></span> 
     </span>
    </p>
   </div>
   <div class='ocr_carea' id='block_1_4' title="bbox 870 3815 1290 3891">
    <p class='ocr_par' dir='ltr' id='par_1_4' title="bbox 870 3815 1290 3891">
     <span class='ocr_line' id='line_1_16' title="bbox 870 3815 1290 3891; baseline -0.002 -18"><span class='ocrx_word' id='word_1_147' title='bbox 870 3817 907 3874; x_wconf 91' lang='lat' dir='ltr'><strong>H.</strong></span> <span class='ocrx_word' id='word_1_148' title='bbox 952 3816 1140 3874; x_wconf 83' lang='lat' dir='ltr'><strong>ILLIPVLA</strong></span> <span class='ocrx_word' id='word_1_149' title='bbox 1163 3835 1190 3891; x_wconf 86' lang='lat' dir='ltr'><strong>p.</strong></span> <span class='ocrx_word' id='word_1_150' title='bbox 1217 3815 1290 3873; x_wconf 81' lang='lat'><strong>834.</strong></span> 
     </span>
    </p>
   </div>
   <div class='ocr_carea' id='block_1_5' title="bbox 422 3982 1740 4577">
    <p class='ocr_par' dir='ltr' id='par_1_5' title="bbox 422 3982 1740 4256">
     <span class='ocr_line' id='line_1_17' title="bbox 422 3982 1740 4065; baseline -0.005 -16"><span class='ocrx_word' id='word_1_151' title='bbox 422 3982 468 4049; x_wconf 83' lang='lat'><strong>80</strong></span> <span class='ocrx_word' id='word_1_152' title='bbox 494 3985 612 4064; x_wconf 76' lang='lat' dir='ltr'><strong>Niehla,</strong></span> <span class='ocrx_word' id='word_1_153' title='bbox 641 3987 674 4045; x_wconf 91' lang='lat' dir='ltr'><strong>in</strong></span> <span class='ocrx_word' id='word_1_154' title='bbox 702 3987 826 4046; x_wconf 89' lang='lat' dir='ltr'><strong>ecclesia</strong></span> <span class='ocrx_word' id='word_1_155' title='bbox 855 3990 885 4047; x_wconf 81' lang='grc'><strong>8.</strong></span> <span class='ocrx_word' id='word_1_156' title='bbox 908 3988 1035 4047; x_wconf 87' lang='lat' dir='ltr'><strong>Martini</strong></span> <span class='ocrx_word' id='word_1_157' title='bbox 1056 3988 1169 4047; x_wconf 86' lang='lat' dir='ltr'><strong>inserta</strong></span> <span class='ocrx_word' id='word_1_158' title='bbox 1191 3987 1296 4065; x_wconf 88' lang='lat' dir='ltr'><strong>parieti</strong></span> <span class='ocrx_word' id='word_1_159' title='bbox 1318 3987 1419 4064; x_wconf 83' lang='lat' dir='ltr'><strong>navis,</strong></span> <span class='ocrx_word' id='word_1_160' title='bbox 1445 3986 1554 4045; x_wconf 88' lang='lat' dir='ltr'><strong>tabella</strong></span> <span class='ocrx_word' id='word_1_161' title='bbox 1575 4005 1740 4045; x_wconf 88' lang='lat' dir='ltr'><strong>marmorea</strong></span> 
     </span>
     <span class='ocr_line' id='line_1_18' title="bbox 464 4090 1740 4171; baseline -0.001 -22"><span class='ocrx_word' id='word_1_162' title='bbox 464 4092 615 4167; x_wconf 82' lang='lat' dir='ltr'><strong>longam.</strong></span> <span class='ocrx_word' id='word_1_163' title='bbox 642 4094 729 4171; x_wconf 82' lang='grc'><strong>021,</strong></span> <span class='ocrx_word' id='word_1_164' title='bbox 753 4092 813 4150; x_wconf 86' lang='lat' dir='ltr'><strong>alta</strong></span> <span class='ocrx_word' id='word_1_165' title='bbox 836 4094 946 4170; x_wconf 86' lang='grc'><strong>0075,</strong></span> <span class='ocrx_word' id='word_1_166' title='bbox 969 4091 1078 4151; x_wconf 88' lang='lat' dir='ltr'><strong>litteris</strong></span> <span class='ocrx_word' id='word_1_167' title='bbox 1100 4093 1213 4151; x_wconf 88' lang='lat' dir='ltr'><strong>saeculi</strong></span> <span class='ocrx_word' id='word_1_168' title='bbox 1235 4094 1249 4151; x_wconf 95' lang='lat' dir='ltr'>I</span> <span class='ocrx_word' id='word_1_169' title='bbox 1272 4091 1345 4151; x_wconf 90' lang='lat' dir='ltr'><strong>satis</strong></span> <span class='ocrx_word' id='word_1_170' title='bbox 1366 4091 1467 4167; x_wconf 91' lang='lat' dir='ltr'><strong>bonis,</strong></span> <span class='ocrx_word' id='word_1_171' title='bbox 1492 4090 1647 4167; x_wconf 89' lang='lat' dir='ltr'><strong>actuariis,</strong></span> <span class='ocrx_word' id='word_1_172' title='bbox 1673 4090 1740 4148; x_wconf 89' lang='lat' dir='ltr'><strong>altis</strong></span> 
     </span>
     <span class='ocr_line' id='line_1_19' title="bbox 468 4198 615 4256; baseline 0.007 -3"><span class='ocrx_word' id='word_1_173' title='bbox 468 4215 507 4253; x_wconf 90' lang='lat' dir='ltr'><strong>m.</strong></span> <span class='ocrx_word' id='word_1_174' title='bbox 533 4198 615 4256; x_wconf 84' lang='grc'><strong>001.</strong></span> 
     </span>
    </p>

    <p class='ocr_par' dir='ltr' id='par_1_6' title="bbox 691 4316 1467 4577">
     <span class='ocr_line' id='line_1_20' title="bbox 691 4316 1467 4361; baseline -0.003 -2"><span class='ocrx_word' id='word_1_175' title='bbox 691 4318 854 4360; x_wconf 68' lang='lat' dir='ltr'><strong>renarrem</strong></span> <span class='ocrx_word' id='word_1_176' title='bbox 884 4318 1002 4361; x_wconf 80' lang='lat' dir='ltr'><strong>coarvs</strong></span> <span class='ocrx_word' id='word_1_177' title='bbox 1028 4317 1181 4360; x_wconf 74' lang='lat' dir='ltr'><strong>cartesrrs</strong></span> <span class='ocrx_word' id='word_1_178' title='bbox 1210 4316 1342 4360; x_wconf 77' lang='lat' dir='ltr'><strong>serarrvs</strong></span> <span class='ocrx_word' id='word_1_179' title='bbox 1371 4318 1403 4358; x_wconf 78' lang='grc' dir='ltr'><strong>ιιι</strong></span> <span class='ocrx_word' id='word_1_180' title='bbox 1427 4317 1467 4358; x_wconf 80' lang='lat' dir='ltr'><strong>are</strong></span> 
     </span>
     <span class='ocr_line' id='line_1_21' title="bbox 693 4421 1466 4478; baseline 0 -14"><span class='ocrx_word' id='word_1_181' title='bbox 693 4422 758 4478; x_wconf 64' lang='lat' dir='ltr'><strong>oyo</strong></span> <span class='ocrx_word' id='word_1_182' title='bbox 773 4422 940 4465; x_wconf 73' lang='lat' dir='ltr'><strong>nersrmrs</strong></span> <span class='ocrx_word' id='word_1_183' title='bbox 951 4422 1035 4465; x_wconf 78' lang='lat' dir='ltr'><strong>svare</strong></span> <span class='ocrx_word' id='word_1_184' title='bbox 1046 4422 1143 4464; x_wconf 72' lang='lat' dir='ltr'><strong>sensu</strong></span> <span class='ocrx_word' id='word_1_185' title='bbox 1151 4421 1239 4463; x_wconf 71' lang='lat' dir='ltr'><strong>errc</strong></span> <span class='ocrx_word' id='word_1_186' title='bbox 1250 4421 1379 4463; x_wconf 75' lang='lat' dir='ltr'><strong>vrvrrrvs</strong></span> <span class='ocrx_word' id='word_1_187' title='bbox 1390 4421 1466 4464; x_wconf 75' lang='lat' dir='ltr'><strong>rnuc</strong></span> 
     </span>
     <span class='ocr_line' id='line_1_22' title="bbox 696 4524 1466 4577; baseline -0.001 -9"><span class='ocrx_word' id='word_1_188' title='bbox 696 4527 731 4568; x_wconf 79' lang='lat' dir='ltr'><strong>rr</strong></span> <span class='ocrx_word' id='word_1_189' title='bbox 745 4527 876 4577; x_wconf 73' lang='lat' dir='ltr'><strong>savrrva</strong></span> <span class='ocrx_word' id='word_1_190' title='bbox 890 4527 1009 4571; x_wconf 78' lang='lat' dir='ltr'><strong>svesars</strong></span> <span class='ocrx_word' id='word_1_191' title='bbox 1025 4526 1163 4568; x_wconf 70' lang='lat' dir='ltr'><strong>amaus</strong></span> <span class='ocrx_word' id='word_1_192' title='bbox 1182 4527 1212 4566; x_wconf 83' lang='grc' dir='ltr'><strong>ιΝ</strong></span> <span class='ocrx_word' id='word_1_193' title='bbox 1234 4525 1309 4568; x_wconf 79' lang='lat' dir='ltr'><strong>rvce</strong></span> <span class='ocrx_word' id='word_1_194' title='bbox 1329 4524 1466 4568; x_wconf 76' lang='lat' dir='ltr'><strong>sasarvs</strong></span> 
     </span>
    </p>
   </div>
   <div class='ocr_carea' id='block_1_6' title="bbox 419 4680 1741 5178">
    <p class='ocr_par' dir='ltr' id='par_1_7' title="bbox 419 4680 1741 5178">
     <span class='ocr_line' id='line_1_23' title="bbox 420 4680 1738 4760; baseline -0.001 -21"><span class='ocrx_word' id='word_1_195' title='bbox 420 4680 574 4758; x_wconf 88' lang='lat' dir='ltr'><strong>Descripsi</strong></span> <span class='ocrx_word' id='word_1_196' title='bbox 601 4702 638 4740; x_wconf 83' lang='lat' dir='ltr'><strong>ex</strong></span> <span class='ocrx_word' id='word_1_197' title='bbox 664 4689 770 4760; x_wconf 88' lang='lat' dir='ltr'><strong>ectypo</strong></span> <span class='ocrx_word' id='word_1_198' title='bbox 796 4682 889 4742; x_wconf 88' lang='lat' dir='ltr'><strong>misso</strong></span> <span class='ocrx_word' id='word_1_199' title='bbox 918 4683 955 4742; x_wconf 87' lang='lat' dir='ltr'><strong>ab</strong></span> <span class='ocrx_word' id='word_1_200' title='bbox 977 4684 1010 4740; x_wconf 87' lang='lat' dir='ltr'><strong>E.</strong></span> <span class='ocrx_word' id='word_1_201' title='bbox 1037 4685 1065 4741; x_wconf 86' lang='lat' dir='ltr'><strong>S.</strong></span> <span class='ocrx_word' id='word_1_202' title='bbox 1090 4684 1235 4758; x_wconf 83' lang='lat' dir='ltr'><strong>Dodgson</strong></span> <span class='ocrx_word' id='word_1_203' title='bbox 1257 4681 1400 4740; x_wconf 88' lang='lat' dir='ltr'><strong>Britanno</strong></span> <span class='ocrx_word' id='word_1_204' title='bbox 1427 4701 1465 4739; x_wconf 89' lang='lat' dir='ltr'><strong>m.</strong></span> <span class='ocrx_word' id='word_1_205' title='bbox 1488 4683 1566 4740; x_wconf 88' lang='lat' dir='ltr'><strong>Nor.</strong></span> <span class='ocrx_word' id='word_1_206' title='bbox 1590 4700 1615 4738; x_wconf 91' lang='lat' dir='ltr'><strong>a.</strong></span> <span class='ocrx_word' id='word_1_207' title='bbox 1646 4681 1738 4739; x_wconf 85' lang='grc'><strong>1804.</strong></span> 
     </span>
     <span class='ocr_line' id='line_1_24' title="bbox 422 4782 1740 4867; baseline 0 -24"><span class='ocrx_word' id='word_1_208' title='bbox 422 4787 498 4844; x_wconf 82' lang='lat' dir='ltr'><strong>Caro</strong></span> <span class='ocrx_word' id='word_1_209' title='bbox 520 4786 716 4863; x_wconf 62' lang='lat' dir='ltr'><strong>antipodosis</strong></span> <span class='ocrx_word' id='word_1_210' title='bbox 742 4787 776 4845; x_wconf 81' lang='lat' dir='ltr'><strong>dc</strong></span> <span class='ocrx_word' id='word_1_211' title='bbox 797 4786 903 4846; x_wconf 68' lang='lat' dir='ltr'><strong>Smilla</strong></span> <span class='ocrx_word' id='word_1_212' title='bbox 925 4782 1032 4867; x_wconf 85' lang='grc'><strong>(1634)</strong></span> <span class='ocrx_word' id='word_1_213' title='bbox 1055 4788 1159 4845; x_wconf 70' lang='grc'><strong>1216</strong></span> <span class='ocrx_word' id='word_1_214' title='bbox 1182 4808 1209 4844; x_wconf 87' lang='lat' dir='ltr'><strong>v.</strong></span> <span class='ocrx_word' id='word_1_215' title='bbox 1233 4785 1346 4845; x_wconf 88' lang='lat' dir='ltr'><strong>ibidem</strong></span> <span class='ocrx_word' id='word_1_216' title='bbox 1368 4785 1498 4860; x_wconf 83' lang='lat' dir='ltr'><strong>viderat;</strong></span> <span class='ocrx_word' id='word_1_217' title='bbox 1521 4787 1574 4844; x_wconf 89' lang='lat' dir='ltr'><strong>sed</strong></span> <span class='ocrx_word' id='word_1_218' title='bbox 1596 4804 1665 4843; x_wconf 88' lang='lat' dir='ltr'><strong>cum</strong></span> <span class='ocrx_word' id='word_1_219' title='bbox 1688 4785 1740 4843; x_wconf 86' lang='lat' dir='ltr'><strong>ad—</strong></span> 
     </span>
     <span class='ocr_line' id='line_1_25' title="bbox 422 4886 1738 4972; baseline 0 -24"><span class='ocrx_word' id='word_1_220' title='bbox 422 4898 539 4950; x_wconf 89' lang='lat' dir='ltr'><strong>notaret</strong></span> <span class='ocrx_word' id='word_1_221' title='bbox 560 4891 690 4969; x_wconf 88' lang='lat' dir='ltr'><strong>reperire</strong></span> <span class='ocrx_word' id='word_1_222' title='bbox 713 4912 745 4951; x_wconf 88' lang='lat' dir='ltr'><strong>sc</strong></span> <span class='ocrx_word' id='word_1_223' title='bbox 768 4892 896 4952; x_wconf 86' lang='lat' dir='ltr'><strong>eundem</strong></span> <span class='ocrx_word' id='word_1_224' title='bbox 919 4891 1041 4951; x_wconf 88' lang='lat' dir='ltr'><strong>titulum</strong></span> <span class='ocrx_word' id='word_1_225' title='bbox 1063 4890 1095 4950; x_wconf 90' lang='lat' dir='ltr'><strong>in</strong></span> <span class='ocrx_word' id='word_1_226' title='bbox 1117 4891 1236 4951; x_wconf 83' lang='lat' dir='ltr'><strong>Pitheci</strong></span> <span class='ocrx_word' id='word_1_227' title='bbox 1257 4891 1349 4967; x_wconf 77' lang='lat' dir='ltr'><strong>epigr.</strong></span> <span class='ocrx_word' id='word_1_228' title='bbox 1371 4892 1471 4952; x_wconf 86' lang='lat' dir='ltr'><strong>select.</strong></span> <span class='ocrx_word' id='word_1_229' title='bbox 1497 4886 1631 4972; x_wconf 88' lang='lat' dir='ltr'><strong>(Parisiis</strong></span> <span class='ocrx_word' id='word_1_230' title='bbox 1656 4892 1738 4948; x_wconf 87' lang='grc'><strong>1570</strong></span> 
     </span>
     <span class='ocr_line' id='line_1_26' title="bbox 421 4992 1741 5076; baseline -0.002 -21"><span class='ocrx_word' id='word_1_231' title='bbox 421 5003 451 5055; x_wconf 89' lang='lat' dir='ltr'><strong>et</strong></span> <span class='ocrx_word' id='word_1_232' title='bbox 471 4992 562 5076; x_wconf 87' lang='grc'><strong>1580)</strong></span> <span class='ocrx_word' id='word_1_233' title='bbox 577 5017 606 5073; x_wconf 86' lang='lat' dir='ltr'><strong>p.</strong></span> <span class='ocrx_word' id='word_1_234' title='bbox 627 4998 696 5074; x_wconf 80' lang='lat'><strong>125,</strong></span> <span class='ocrx_word' id='word_1_235' title='bbox 713 4997 865 5056; x_wconf 86' lang='lat' dir='ltr'><strong>hominem</strong></span> <span class='ocrx_word' id='word_1_236' title='bbox 884 4997 1034 5057; x_wconf 84' lang='lat' dir='ltr'><strong>sublestae</strong></span> <span class='ocrx_word' id='word_1_237' title='bbox 1055 4995 1126 5056; x_wconf 84' lang='lat' dir='ltr'><strong>fidei</strong></span> <span class='ocrx_word' id='word_1_238' title='bbox 1145 5003 1198 5056; x_wconf 89' lang='lat' dir='ltr'><strong>aut</strong></span> <span class='ocrx_word' id='word_1_239' title='bbox 1211 4996 1335 5057; x_wconf 81' lang='lat' dir='ltr'><strong>finxisse</strong></span> <span class='ocrx_word' id='word_1_240' title='bbox 1349 4998 1450 5056; x_wconf 89' lang='lat' dir='ltr'><strong>locum</strong></span> <span class='ocrx_word' id='word_1_241' title='bbox 1465 5003 1517 5055; x_wconf 88' lang='lat' dir='ltr'><strong>aut</strong></span> <span class='ocrx_word' id='word_1_242' title='bbox 1532 4996 1668 5071; x_wconf 83' lang='lat' dir='ltr'><strong>exemplo</strong></span> <span class='ocrx_word' id='word_1_243' title='bbox 1684 5014 1741 5053; x_wconf 90' lang='lat' dir='ltr'><strong>no-</strong></span> 
     </span>
     <span class='ocr_line' id='line_1_27' title="bbox 419 5100 1740 5178; baseline -0.002 -20"><span class='ocrx_word' id='word_1_244' title='bbox 419 5100 498 5159; x_wconf 87' lang='lat' dir='ltr'><strong>vicio</strong></span> <span class='ocrx_word' id='word_1_245' title='bbox 514 5103 672 5178; x_wconf 87' lang='lat' dir='ltr'><strong>deceptum</strong></span> <span class='ocrx_word' id='word_1_246' title='bbox 683 5120 749 5160; x_wconf 86' lang='lat' dir='ltr'><strong>esse</strong></span> <span class='ocrx_word' id='word_1_247' title='bbox 761 5100 882 5160; x_wconf 87' lang='lat' dir='ltr'><strong>credidi.</strong></span> <span class='ocrx_word' id='word_1_248' title='bbox 912 5104 1061 5160; x_wconf 89' lang='lat' dir='ltr'><strong>Neutrum</strong></span> <span class='ocrx_word' id='word_1_249' title='bbox 1076 5123 1179 5161; x_wconf 88' lang='lat' dir='ltr'><strong>verum</strong></span> <span class='ocrx_word' id='word_1_250' title='bbox 1194 5122 1259 5162; x_wconf 89' lang='lat' dir='ltr'><strong>esse</strong></span> <span class='ocrx_word' id='word_1_251' title='bbox 1274 5121 1355 5162; x_wconf 90' lang='lat' dir='ltr'><strong>nunc</strong></span> <span class='ocrx_word' id='word_1_252' title='bbox 1370 5104 1489 5161; x_wconf 89' lang='lat' dir='ltr'><strong>demum</strong></span> <span class='ocrx_word' id='word_1_253' title='bbox 1504 5100 1652 5178; x_wconf 81' lang='lat' dir='ltr'><strong>apparuit</strong></span> <span class='ocrx_word' id='word_1_254' title='bbox 1682 5100 1740 5157; x_wconf 88' lang='lat' dir='ltr'><strong>Ca-</strong></span> 
     </span>
    </p>
   </div>
   <div class='ocr_carea' id='block_1_7' title="bbox 420 5192 1858 5283">
    <p class='ocr_par' dir='ltr' id='par_1_8' title="bbox 420 5192 1858 5283">
     <span class='ocr_line' id='line_1_28' title="bbox 420 5192 1858 5283; baseline -0.004 -20"><span class='ocrx_word' id='word_1_255' title='bbox 420 5225 515 5281; x_wconf 87' lang='lat' dir='ltr'><strong>penae</strong></span> <span class='ocrx_word' id='word_1_256' title='bbox 531 5205 610 5264; x_wconf 90' lang='lat' dir='ltr'><strong>enim</strong></span> <span class='ocrx_word' id='word_1_257' title='bbox 626 5205 658 5264; x_wconf 94' lang='lat' dir='ltr'><strong>in</strong></span> <span class='ocrx_word' id='word_1_258' title='bbox 669 5204 757 5265; x_wconf 89' lang='lat' dir='ltr'><strong>Italia</strong></span> <span class='ocrx_word' id='word_1_259' title='bbox 767 5212 849 5264; x_wconf 85' lang='lat' dir='ltr'><strong>extat</strong></span> <span class='ocrx_word' id='word_1_260' title='bbox 859 5205 936 5283; x_wconf 89' lang='lat' dir='ltr'><strong>lapis</strong></span> <span class='ocrx_word' id='word_1_261' title='bbox 947 5204 1112 5282; x_wconf 89' lang='lat' dir='ltr'><strong>inscriptus</strong></span> <span class='ocrx_word' id='word_1_262' title='bbox 1117 5195 1205 5266; x_wconf 87' lang='lat' dir='ltr'><strong>‘Iulia</strong></span> <span class='ocrx_word' id='word_1_263' title='bbox 1214 5207 1357 5267; x_wconf 88' lang='lat' dir='ltr'><strong>Marcella</strong></span> <span class='ocrx_word' id='word_1_264' title='bbox 1368 5206 1475 5266; x_wconf 82' lang='lat' dir='ltr'><strong>Clodio</strong></span> <span class='ocrx_word' id='word_1_265' title='bbox 1487 5205 1600 5265; x_wconf 84' lang='lat' dir='ltr'><strong>Fabato</strong></span> <span class='ocrx_word' id='word_1_266' title='bbox 1611 5192 1740 5281; x_wconf 77' lang='lat' dir='ltr'><strong>marito’3</strong></span> <span class='ocrx_word' id='word_1_267' title='bbox 1857 5234 1858 5257; x_wconf 62' lang='grc' dir='ltr'>ι</span> 
     </span>
    </p>
   </div>
   <div class='ocr_carea' id='block_1_8' title="bbox 0 0 1888 5912">
    <p class='ocr_par' dir='ltr' id='par_1_9' title="bbox 0 0 1888 5912">
     <span class='ocr_line' id='line_1_29' title="bbox 0 0 1888 5912; baseline 0 2"><span class='ocrx_word' id='word_1_268' title='bbox 0 0 1888 5912; x_wconf 95' lang='lat' dir='ltr'><strong> </strong></span> 
     </span>
    </p>
   </div>
  </div>
 </body>
</html>
