3816 5912
590 538 769 592 svnosvu
795 539 1066 593 sancvsssrvu.
1416 521 1488 594 235

169 638 323 651 *nun-

165 714 218 773 vais
236 707 275 784 μὴ
297 704 466 781 ἰμμινόντων
487 714 549 774 reis
570 705 749 785 συνθήκαις,
775 708 854 774 &aaa
875 706 971 772 πυκνοὶ
992 704 1251 785 μεταβαλλομῖνων
1271 703 1319 774 καὶ
1339 705 1491 785 connoda-

166 841 224 877 ταν
249 812 345 879 αὐτοῖς
371 814 518 895 Sibyllam
544 816 690 876 cecinisse
715 813 955 877 ἰπιτελισθαισῶν
981 820 1037 876 rein
1062 813 1187 902 θεωριῶν
1213 808 1319 878 τούτων
1345 811 1493 897 ὑποταγή-

166 916 280 980 σεσθαι
306 913 373 984 rede
398 915 572 997 ἆφεστιόται
596 912 746 988 Λατίνους,
778 920 810 980 id
835 921 917 998 quod
943 922 1134 982 confirmatur
1158 923 1226 1001 ipsc
1252 920 1392 982 carminis
1419 923 1491 982 fine:

167 1015 222 1082 καί
239 1046 284 1081 σοι
304 997 390 1081 ababa
411 994 504 1101 xSair
524 1015 620 1092 Ἰταλῆ
646 1015 695 1078 καὶ
715 1023 800 1081 παῖσα
820 1017 944 1082 Λατίνων
966 1012 1024 1082 αἰὲν
1044 1018 1100 1084 riae*
1123 1015 1302 1107 σκήπτροισιν
1322 1015 1493 1101 {sanxissent

170 1120 261 1202 ξυγδν
281 1114 390 1206 ἕξειῐ).
422 1124 567 1184 Ducimur
588 1125 631 1183 ita
651 1125 687 1182 ad
710 1125 781 1195 belli
797 1106 896 1186 Italici
917 1127 1051 1186 exordia.
1084 1127 1148 1187 Iam
1170 1128 1219 1187 ubi
1240 1127 1493 1203 circumspicimus

170 1248 249 1306 quae
271 1228 406 1287 deludis
428 1226 630 1286 saecularibus
651 1228 716 1286 sive
737 1228 816 1287 veris
839 1230 901 1287 sive
922 1229 1038 1288 ficticiis
1060 1230 1170 1290 tradita
1190 1231 1348 1302 habemus,
1375 1248 1495 1289 carmen

170 1332 201 1391 id
223 1331 314 1390 nullis
336 1350 438 1389 eorum
459 1329 599 1388 conuenit
618 1330 677 1388 nisi
698 1330 737 1389 iis
759 1331 809 1406 qui
833 1330 971 1391 dicuntur
985 1332 1058 1391 editi
1076 1350 1144 1392 esse
1166 1353 1244 1392 anno
1267 1352 1293 1391 u.
1309 1352 1334 1391 c.
1350 1330 1421 1405 628,
1442 1333 1495 1408 qui

171 1433 309 1510 proxime
329 1432 495 1510 praecessit
516 1451 582 1491 eum
604 1449 663 1509 quc
681 1432 854 1493 Italicorum
876 1435 946 1493 urbs
968 1435 1110 1512 primaria
1122 1434 1279 1513 Fregellae
1300 1444 1404 1513 captae
1426 1444 1496 1493 sunt

171 1545 202 1596 et
223 1536 347 1594 dirutae.
392 1533 527 1609 Quocum
549 1533 727 1613 iungendum
750 1543 809 1608 est,
836 1535 914 1612 quod
941 1537 1065 1595 alterum
1089 1541 1321 1614 supracitatum
1343 1538 1495 1597 oraculum

171 1640 282 1697 editum
305 1657 371 1698 esse
393 1639 500 1697 dicitur
521 1645 643 1717 propter
663 1637 869 1714 androgynum
891 1648 993 1698 natum
1017 1660 1096 1699 anno
1118 1642 1184 1716 ipso
1206 1648 1358 1718 captarum
1373 1640 1496 1718 Fregel·

172 1741 278 1800 larum.
321 1741 371 1799 Ab
392 1760 429 1799 eo
450 1740 539 1817 igitur
560 1757 639 1798 anno
660 1741 711 1816 qui
733 1759 851 1799 carmen
875 1740 951 1800 illud
973 1744 1142 1818 composuit
1163 1743 1314 1802 saeculum
1335 1761 1421 1801 suum
1444 1762 1496 1801 an-

172 1861 280 1903 norum
301 1841 358 1902 CX
378 1842 502 1902 deduxit
521 1850 560 1914 et,
583 1842 609 1901 si
630 1841 661 1900 id
683 1861 749 1902 cum
770 1843 977 1922 palingenesia
998 1863 1143 1904 annorum
1160 1843 1325 1905 CCCCXL
1344 1845 1499 1903 coniunxit

174 1959 203 2006 et
224 1945 376 2005 saeculnm
397 1945 449 2003 illo
465 1964 544 2004 anno
564 1945 707 2022 incipiens
728 1946 792 2005 eius
814 1946 928 2023 periodi
951 1955 1088 2023 quartum
1110 1948 1189 2019 iecit,
1211 1948 1360 2007 cardinem
1382 1948 1498 2023 periodi

173 2068 284 2109 annum
306 2064 373 2109 esse
396 2048 491 2107 voluit
512 2069 540 2107 u.
556 2066 580 2105 e.
598 2048 672 2119 298,
700 2058 767 2107 ante
789 2048 859 2109 Chr.
874 2050 949 2110 456:
978 2068 1055 2127 quae
1078 2050 1178 2126 opinio
1201 2057 1232 2108 ut
1254 2057 1350 2109 aetate
1370 2049 1496 2127 impera·

174 2152 253 2210 toria
274 2150 455 2226 obtinuitl),
482 2151 525 2209 ita
549 2150 703 2226 probabile
724 2158 770 2211 est
795 2152 834 2211 ad
859 2154 957 2228 ipsum
984 2152 1073 2210 huius
1096 2153 1252 2211 commenti
1275 2159 1424 2210 auctorem
1451 2171 1497 2210 re·

175 2254 246 2314 dire.
280 2252 346 2311 Nec
366 2261 444 2311 recte
466 2262 640 2328 opponetur,
662 2252 741 2329 quod
763 2256 832 2312 anni
855 2254 897 2312 illi
918 2256 949 2313 in
971 2273 1068 2313 rerum
1091 2263 1240 2333 gestarum
1258 2255 1497 2314 memorianullo

174 2356 263 2415 modo
285 2356 414 2414 eminent
423 2350 461 2431 ³),
484 2355 642 2432 namquid
665 2365 784 2414 secutus
805 2357 844 2415 sit
865 2356 916 2433 qui
938 2357 1081 2416 eiusmodi
1103 2358 1296 2416 ariolationes
1317 2357 1499 2434 excogitavit

175 2458 347 2519 Chaldaeus
371 2456 505 2517 Graecae
531 2460 627 2534 magis
654 2459 779 2536 originis
805 2477 893 2534 quam
915 2456 1056 2531 Latinae,
1086 2460 1115 2517 id
1142 2460 1230 2519 hodie
1255 2461 1386 2537 ignorari
1410 2478 1497 2519 nemo

175 2562 330 2621 mirabitur
352 2560 409 2619 nisi
432 2570 461 2619 et
480 2560 546 2636 ipse
568 2568 666 2619 sectae
688 2558 868 2619 Chaldaeae.
908 2561 1118 2639 Palingenesia
1138 2562 1192 2621 illa
1214 2571 1244 2621 et
1264 2563 1386 2622 saecula
1406 2579 1496 2620 anno·

177 2683 243 2722 rum
259 2672 448 2722 centenorum
464 2663 606 2722 denorum
622 2663 740 2741 quando
754 2671 826 2721 nata
847 2663 916 2734 sint,
939 2664 1096 2736 nescimus,
1119 2683 1173 2723 nec
1188 2665 1378 2723 determinari
1399 2670 1500 2741 potest

177 2764 438 2842 pseudopropheta
459 2764 519 2835 ille,
541 2766 625 2824 cuius
647 2766 703 2824 hoc
726 2774 772 2824 est
792 2774 997 2837 commentum,
1020 2775 1117 2825 utrum
1139 2765 1169 2824 id
1190 2768 1222 2826 in
1237 2767 1344 2844 vulgus
1365 2767 1499 2826 emiserit

176 2874 246 2946 ipso
269 2887 347 2926 anno
360 2866 433 2927 belli
453 2866 549 2926 civilis
565 2868 746 2945 Fregellani,
768 2886 859 2926 caeca
878 2867 937 2925 lide
957 2885 1081 2946 sperans
1103 2869 1182 2928 ludis
1202 2869 1265 2928 illis
1280 2869 1401 2927 edendis
1419 2868 1500 2927 mala

177 2973 298 3050 publica
317 2971 420 3042 averti,
443 2988 481 3028 an
501 2972 666 3047 posteriore
688 2979 820 3049 tempore
836 2971 968 3031 scribens
984 2968 1130 3049 Sibyllam
1152 2971 1273 3030 finxerit
1292 2971 1335 3030 ita
1356 2972 1500 3031 cecinisse

176 3159 381 3170 ..-..-----

175 3292 254 3342 ludos
272 3290 366 3341 alteros
385 3289 498 3341 visurum
518 3303 586 3349 esse,
609 3289 655 3339 sed
679 3289 807 3341 rietatem
825 3290 970 3342 Romanam
990 3303 1078 3340 eorum
1098 3303 1238 3341 memorem
1262 3303 1362 3354 semper
1379 3289 1500 3340 futuram.

176 3384 242 3435 Ἠ)
266 3383 361 3447 requiri
380 3375 421 3431 ἐπὶ
437 3383 509 3431 ταῖσι
527 3373 556 3429 δ’
573 3373 724 3438 Ἐλιιθυῖας
745 3373 892 3450 ἀρέσασθαι
916 3399 964 3449 pro
983 3379 1022 3431 ἰπὶ
1040 3386 1095 3438 ταῖς
1114 3377 1144 3430 δ’
1158 3376 1312 3439 Εἰλειθυίας
1331 3375 1370 3449 cip·
1392 3383 1426 3433 ad
1444 3397 1501 3433 cae·

177 3490 266 3527 suram
284 3483 352 3525 recte
371 3474 550 3527 ordinandam.
579 3474 621 3525 De
637 3491 664 3525 vv.
675 3477 708 3526 18
729 3476 788 3526 vide
807 3491 872 3542 quae
891 3477 1014 3528 aductmi
1032 3492 1058 3541 p.
1073 3473 1125 3527 263
1145 3477 1245 3537 not.1;
1265 3475 1298 3524 de
1316 3491 1340 3525 v.
1355 3475 1387 3526 31
1408 3491 1433 3540 p.
1448 3475 1501 3527 263

177 3576 232 3620 not.
248 3569 271 3620 3.

255 3660 278 3722 ¹)
308 3661 381 3711 Haec
400 3675 464 3725 quse
483 3661 559 3725 plane
577 3662 733 3725 respondent
751 3661 914 3714 sallustianis
934 3662 1000 3727 (lug.
1014 3663 1058 3724 40,
1080 3661 1107 3723 2)
1126 3659 1234 3711 homines
1252 3661 1359 3711 nominis
1370 3656 1462 3711 Latini
1479 3668 1503 3711 et

177 3755 244 3807 socii
261 3752 351 3804 Italici
373 3753 416 3812 (ct.
432 3750 590 3803 Stactrreclrt
608 3754 633 3816 3,
654 3754 717 3816 661)
742 3761 801 3819 post
818 3756 913 3805 bellum
934 3756 1028 3805 sociale
1046 3770 1100 3804 nou
1118 3753 1214 3804 habent
1232 3769 1283 3817 quo
1302 3759 1370 3804 recte
1389 3754 1502 3805 referan-

178 3856 228 3910 tur,
248 3846 345 3897 habent
363 3844 428 3895 adeo
448 3845 584 3897 offensam:
603 3861 663 3897 nam
681 3847 785 3897 Italiam
801 3849 959 3913 Latinosque
978 3847 1025 3897 snb
1043 3847 1105 3911 iugo
1119 3846 1293 3897 Romanorum
1312 3861 1367 3897 esse
1386 3853 1439 3898 tum
1458 3861 1503 3897 ne·

179 3955 229 4005 que
249 3954 337 3990 rerum
357 3945 412 3988 erat
435 3953 517 4003 neque
535 3939 617 3989 civile.
654 3940 746 4004 Neque
770 3941 911 4005 perspicio,
937 3941 1029 4005 quibus
1052 3940 1194 3990 rationibus
1213 3945 1296 3989 motus
1315 3938 1430 3990 Dielsius
1448 3940 1465 3989 l.
1480 3955 1503 3989 c.

179 4052 205 4099 p.
222 4034 256 4082 14
275 4031 425 4096 Phlegontis
444 4031 552 4081 exordio
571 4032 647 4082 tidem
667 4033 785 4097 deneget.
823 4033 937 4083 Omnino
956 4046 1058 4083 carmen
1078 4032 1156 4083 scribi
1175 4047 1228 4082 non
1251 4032 1333 4097 potuit
1351 4032 1401 4081 uisi
1420 4031 1452 4081 ab
1472 4046 1504 4082 eo

181 4128 225 4191 qui
248 4131 293 4175 aut
310 4125 407 4174 vireret
430 4130 490 4174 ante
509 4123 637 4175 civitatem
656 4125 729 4176 Italis
748 4125 866 4177 omuibus
885 4139 1032 4176 concessam
1057 4132 1102 4176 aut
1125 4140 1155 4175 eo
1175 4132 1291 4189 tempore
1309 4124 1395 4175 vivere
1420 4140 1446 4174 se
1469 4125 1503 4174 sl·

180 4218 297 4269 moleret.

257 4307 282 4372 l)
313 4308 477 4371 Censorinus,
497 4310 540 4373 qui
559 4311 660 4375 scripsit
678 4327 701 4362 a.
716 4312 778 4372 238,
797 4312 854 4361 loco
875 4311 965 4361 mutilo
987 4312 1092 4373 17,10:
1117 4345 1233 4361 .......
1256 4311 1383 4360 institutos
1400 4324 1452 4359 esse
1472 4307 1507 4359 nd

180 4399 345 4453 XVnt'rorum
369 4402 555 4451 commentarios
578 4417 643 4453 cano
667 4399 834 4454 CCXCVII!
855 4401 893 4453 M.
911 4400 1012 4453 Valerio
1036 4401 1128 4469 Spurio
1153 4399 1271 4469 Veryinio
1296 4418 1347 4453 cos.
1384 4404 1452 4452 Vere
1478 4404 1505 4452 in

181 4494 358 4545 commentarii
377 4494 510 4546 Severiani
529 4495 638 4545 exordio
657 4497 718 4547 item
738 4497 828 4546 mutilo
852 4503 1029 4546 remanserunt
1047 4496 1126 4546 verba
1143 4494 1207 4546 baec
1227 4495 1268 4557 (fr.
1285 4496 1299 4543 1
1320 4511 1343 4545 v.
1359 4492 1417 4560 14)z
1441 4530 1466 4545 ..
1479 4530 1505 4545 ..

182 4585 254 4654 [per]
273 4587 408 4652 mnqbtroa
426 4585 518 4652 colleqi
535 4584 572 4637 M.
591 4584 695 4638 Valerio
716 4586 809 4657 Spurio
828 4585 983 4655 Ve[r9]ia[io
1002 4604 1053 4639 coa.
1073 4586 1231 4652 ianitutum}

257 4677 282 4740 3)
312 4678 387 4730 Certe
410 4679 570 4744 expectanda
593 4680 643 4730 luit
666 4681 698 4731 de
720 4682 813 4753 horpm
837 4681 995 4731 saeculorum
1020 4681 1125 4745 origine·
1144 4681 1258 4731 uenatio
1279 4681 1366 4746 aliqua
1389 4680 1508 4731 fabulosa

182 4771 357 4837 comparanda
380 4773 416 4833 ei,
441 4786 517 4837 quam
537 4773 601 4823 rivis
625 4773 753 4824 coloribus
776 4774 955 4825 adumbratam
979 4774 1084 4824 annues
1109 4781 1256 4838 proponunt
1279 4773 1311 4823 de
1335 4773 1507 4824 saecularibus

182 4864 239 4915 Diti
257 4871 284 4914 et
295 4865 466 4930 Proserpinae
485 4865 571 4916 sacris.
601 4865 654 4918 Sed
674 4880 706 4916 ue
725 4864 847 4932 reliquiae
860 4867 964 4932 quidem
977 4872 1093 4917 actorum
1106 4866 1303 4918 Severianomm
1322 4867 1384 4917 talia
1402 4865 1506 4928 habent,

182 4971 336 5022 quamquam
355 4958 456 5008 XVriri
479 4958 549 5023 apud
567 4965 683 5009 senatum
702 4959 734 5009 de
753 4959 852 5024 origiue
875 4959 994 5010 ludorum
1019 4967 1098 5025 egunt
1120 4959 1287 5024 legunturque
1309 4959 1345 5008 ibi
1369 4959 1437 5008 inter
1455 4958 1509 5010 alia

183 5048 246 5099 haec
264 5049 306 5111 (lr.
319 5051 333 5098 1
348 5049 444 5112 v.15):
466 5048 638 5117 [temporibus
652 5048 707 5115 [cb]
722 5052 818 5117 criptae
832 5049 1026 5114 sescentea[aimr'
1038 5058 1062 5102 et
1073 5050 1251 5118 rJeaaqeusa'rm'
1265 5051 1334 5113 anai,
1355 5058 1418 5116 quot
1428 5051 1508 5101 iuter·

185 5141 277 5194 aedunt
300 5143 368 5193 inter
391 5157 414 5194 a.
434 5158 459 5194 u.
480 5159 501 5195 a
523 5143 574 5196 298
599 5144 762 5197 conditorum
786 5143 878 5195 horum
901 5145 1020 5196 ludomm
1045 5153 1072 5195 et
1094 5143 1507 5197 u.c.9571udorumSereria·

188 5248 285 5283 norum.
