3816 5912
441 540 514 612 244
1060 565 1159 617 amn

1677 666 1761 677 ἡ...

440 734 653 810 similibusque,
679 737 747 795 aliis
769 738 950 812 sacerdotes,
973 748 1005 797 ut
1025 740 1059 798 lit
1081 749 1111 797 et
1132 740 1161 797 in
1182 741 1275 799 sacris
1291 741 1450 800 Arvalium
1472 751 1501 800 et
1514 742 1543 800 in
1560 742 1766 802 saecularibus

439 838 599 915 nostris¹).
644 838 770 898 Publica
791 842 968 901 auctoritate
990 849 1049 900 tam
1071 842 1102 900 hi
1125 842 1188 900 ludi
1209 843 1284 902 liunt
1304 863 1393 920 qoam
1416 843 1471 915 illi,
1493 855 1610 902 etcum
1634 845 1672 903 ad
1694 853 1766 902 vota

438 943 499 1001 ludi
521 962 624 1001 omnes
646 942 707 1001 fere
729 942 852 1002 redeant
873 954 931 1002 tam
955 943 1046 1003 semel
1067 944 1138 1003 facti
1160 963 1250 1021 quam
1272 947 1302 1004 in
1326 957 1498 1024 perpetuum
1520 946 1665 1019 faciendi,
1697 948 1765 1023 ipso

438 1062 473 1103 co
496 1056 564 1103 voto
587 1053 731 1104 statutum
753 1046 792 1104 sit
812 1063 935 1105 necesse
957 1056 1017 1119 est,
1045 1066 1099 1123 per
1121 1065 1196 1123 quos
1220 1061 1319 1107 votum
1343 1048 1517 1108 solveretur.
1560 1048 1598 1108 In
1618 1049 1764 1107 faciendis

437 1149 517 1207 votis
539 1158 665 1225 excepto
687 1166 802 1207 summo
824 1149 903 1206 veris
926 1150 1005 1208 sacri
1030 1150 1131 1229 populi
1154 1159 1254 1226 partes
1277 1150 1376 1210 nullae
1398 1160 1482 1223 sunt,
1511 1152 1563 1211 scd
1585 1151 1622 1210 de
1643 1152 1764 1211 minori·

437 1251 492 1309 bus
516 1250 654 1309 decidunt
675 1251 867 1327 magistratus
890 1251 956 1323 soli,
980 1252 1016 1310 de
1039 1254 1202 1312 maioribus
1224 1263 1254 1311 et
1275 1253 1404 1312 maxime
1419 1252 1455 1313 de
1471 1254 1564 1312 sacris
1587 1267 1764 1330 perpetuan-

436 1352 483 1410 dis
505 1353 594 1411 iidem
617 1353 776 1430 adsumpto
799 1363 904 1411 senatu
927 1352 1296 1431 (Stuutcrccbt3,1058).
1333 1355 1437 1432 Itaque
1460 1356 1617 1433 collegium
1641 1357 1762 1433 aliquod

437 1456 625 1513 sacerdotum
646 1475 711 1514 cum
734 1475 772 1514 ex
795 1466 864 1514 voto
886 1473 974 1515 sacra
1000 1456 1148 1535 ludosque
1169 1458 1255 1531 lacit,
1281 1459 1478 1534 praecesserit
1500 1476 1622 1517 necesse
1644 1468 1704 1529 est,
1733 1467 1764 1517 ut

437 1567 503 1615 acta
528 1558 683 1616 Arvalium
717 1557 826 1617 alicubi
858 1558 1026 1629 enuntiant,
1059 1564 1155 1619 isacus
1187 1562 1331 1625 ειιιιιιῐιιιιι
1358 1573 1384 1620 ct
1411 1571 1527 1620 amaus
1555 1559 1762 1637 oecultum).

435 1657 515 1718 Ludi
537 1661 704 1719 saeculares
727 1678 792 1719 cum
813 1660 874 1719 voti
896 1671 948 1720 aut
966 1670 1068 1721 essent
1089 1674 1139 1721 aut
1160 1680 1227 1722 esse
1248 1664 1429 1741 fingerentur
1444 1663 1592 1722 anteriore
1614 1672 1712 1724 aetate
1733 1665 1763 1721 in

435 1773 611 1840 perpetuum
633 1764 689 1835 ita,
717 1772 750 1821 ut
772 1763 996 1840 quindecimviri
1019 1781 1071 1824 eos
1092 1765 1190 1824 facere
1211 1766 1391 1837 iuberentur,
1417 1765 1476 1823 iam
1499 1775 1532 1825 ut
1553 1783 1608 1825 suo
1631 1774 1764 1844 tempore

435 1874 514 1923 recte
541 1866 697 1924 ederentur
722 1865 828 1925 horum
854 1885 926 1924 cura
950 1875 1022 1925 erat.
1066 1867 1100 1926 Id
1127 1868 1276 1943 quomodo
1308 1869 1425 1927 executi
1455 1869 1528 1941 siut,
1560 1877 1629 1928 acta
1656 1869 1762 1928 aetatis

434 1969 589 2045 Augustae
612 1987 688 2045 quae
709 1969 851 2027 habemus
881 1987 939 2028 non
963 1967 1160 2044 patefaciunt,
1186 1972 1324 2048 quoniam
1353 1972 1435 2046 prior
1455 1990 1525 2049 pars
1547 1991 1650 2031 eorum
1672 1972 1762 2031 hodie

435 2069 629 2129 desideratur.
666 2068 736 2131 Sine
758 2072 841 2130 iussu
864 2072 982 2148 publico
1004 2090 1056 2130 eos
1078 2072 1141 2132 lieri
1164 2092 1222 2131 non
1245 2075 1379 2153 potuisse
1399 2075 1588 2134 manifestum
1610 2085 1670 2134 cst:
1694 2094 1761 2134 nam

434 2191 612 2249 quamquam
635 2182 687 2233 aut
702 2174 762 2232 voti
784 2183 869 2233 erant
883 2173 953 2233 olim
976 2174 1061 2233 libris
1078 2173 1212 2253 Sibyllae
1233 2176 1374 2254 inspectis
1395 2176 1514 2253 publice
1534 2177 1565 2235 in
1586 2185 1760 2255 perpetuum

435 2276 466 2333 iu
488 2294 596 2333 annum
618 2284 728 2334 certum
752 2284 803 2335 aut
824 2294 891 2336 esse
913 2277 1138 2351 simulabantur,
1167 2287 1199 2337 ut
1220 2296 1311 2358 supra
1331 2280 1470 2355 exposui,
1491 2287 1570 2338 certe
1594 2280 1654 2338 voti
1676 2291 1763 2338 eraut

433 2377 465 2435 iu
486 2378 563 2436 diem
590 2377 731 2436 incertum
759 2388 789 2437 et
814 2380 843 2438 in
870 2379 991 2439 edendis
1017 2381 1064 2439 his
1092 2381 1166 2440 adeo
1187 2382 1225 2439 ab
1247 2400 1325 2440 anno
1348 2381 1399 2439 illo
1421 2382 1586 2441 discessum
1610 2394 1656 2440 est
1681 2382 1761 2441 ludis

434 2498 513 2538 auno
536 2499 594 2538 uno
612 2482 793 2556 anticipatis,
815 2483 933 2557 quade
955 2502 987 2541 re
1009 2483 1089 2541 inira
1103 2483 1225 2543 dicetur.
1258 2482 1376 2542 XVviri
1399 2494 1496 2542 auteur
1519 2486 1577 2544 etsi
1599 2484 1760 2544 secundum

433 2593 501 2642 acta
522 2584 595 2642 haec
617 2583 653 2642 de
676 2583 754 2641 ludis
775 2603 851 2643 more
864 2586 1057 2662 ecaamploquc
1071 2590 1211 2645 maiorum
1225 2587 1348 2645 edendis
1366 2587 1532 2646 contionem
1556 2585 1761 2662 habuerunt³)

433 2697 463 2745 et
484 2687 603 2761 saepius
626 2685 661 2742 dc
684 2685 722 2743 iis
749 2687 959 2762 edixerunt),
989 2708 1048 2747 non
1077 2689 1174 2748 solum
1200 2688 1305 2748 edictis
1332 2690 1394 2748 suis
1421 2689 1595 2765 plerumque
1624 2689 1759 2748 homines

433 2791 680 2864 commonefaciunt
700 2788 742 2862 (v.
759 2787 813 2864 65)
835 2800 865 2846 et
885 2791 1022 2849 nuntiant
1044 2792 1139 2868 magis
1160 2810 1248 2867 quam
1270 2792 1381 2862 iubent,
1404 2791 1564 2852 sedetiam
1579 2792 1628 2850 ubi
1648 2792 1759 2864 iubent,

432 2890 463 2948 id
486 2891 609 2949 iecerint
630 2907 753 2949 necessa
775 2900 821 2949 est
843 2892 948 2950 muniti
969 2894 1147 2953 auctoritate
1169 2894 1269 2970 aliqua
1287 2913 1355 2953 vere
1377 2893 1507 2971 publica,
1528 2896 1593 2954 siue
1613 2913 1675 2971 qua
1695 2895 1759 2953 fieri

433 3013 493 3051 non
514 2994 624 3070 potuit,
650 3003 682 3051 ut
703 2993 801 3053 triduo
823 2994 890 3064 illo,
917 3013 976 3070 quo
999 2995 1061 3054 ludi
1086 2995 1156 3054 facti
1177 3004 1262 3068 suut,
1286 2999 1383 3071 scrico
1407 2997 1544 3072 publicae
1565 2996 1709 3073 esseut⁵)
1731 3006 1761 3057 et

432 3095 499 3154 lites
516 3096 702 3171 quiescerent
724 3095 765 3169 (v.
784 3096 830 3154 13.
850 3096 910 3172 14).
944 3097 1019 3156 Item
1034 3117 1098 3156 com
1116 3100 1283 3157 mundant
1303 3098 1449 3157 matribus
1463 3099 1593 3159 familias
1608 3098 1666 3160 CX
1689 3116 1759 3177 pue·

432 3198 534 3274 risque
557 3208 585 3256 et
607 3198 715 3273 puellis
738 3199 869 3275 septenis
894 3198 1014 3272 vicenis,
1037 3200 1067 3258 id
1085 3201 1257 3260 vocabulum
1280 3201 1401 3259 omuino
1424 3201 1466 3259 ita
1487 3202 1690 3280 accipiendum
1712 3213 1760 3261 est

433 3311 467 3359 ut
488 3300 632 3376 accipitur
652 3302 683 3358 in
706 3301 845 3371 testibus;
871 3312 982 3378 cogunt
1004 3302 1093 3380 igitur
1113 3304 1255 3380 legitime,
1277 3314 1309 3362 at
1330 3322 1389 3363 non
1410 3321 1465 3363 sua
1486 3303 1552 3365 sola
1572 3306 1758 3364 auctoritate.

433 3405 548 3461 Auctor
569 3410 666 3460 autem
689 3403 719 3460 in
741 3423 779 3461 ea
799 3423 831 3462 re
845 3402 976 3463 XVviris
998 3422 1065 3462 cum
1088 3423 1156 3465 esse
1177 3424 1235 3464 non
1258 3407 1387 3482 potuerit
1407 3407 1467 3466 nisi
1489 3416 1541 3466 aut
1563 3418 1685 3466 senatus
1708 3415 1760 3465 aut
1869 3457 1872 3461 .

431 3505 580 3583 princeps,
604 3505 771 3564 decrevisse
792 3505 829 3564 de
850 3505 928 3564 ludis
944 3506 1066 3566 edendis
1082 3518 1215 3568 senatum
1238 3509 1297 3568 iam
1319 3510 1501 3586 patefaciunt
1514 3518 1581 3569 acta
1596 3508 1759 3572 Severiana

431 3710 634 3719 ——-

509 3869 533 3932 ι)
561 3870 734 3937 Reperiuutur
746 3872 821 3921 etiam
841 3887 916 3923 sacra
934 3872 1002 3923 iuter
1013 3872 1156 3925 sacerdotes
1175 3881 1200 3923 ct
1218 3875 1380 3941 magistratus
1397 3876 1433 3926 ita
1445 3876 1535 3939 divisa,
1555 3885 1584 3926 ut
1602 3876 1640 3926 illi
1659 3876 1758 3928 hostias

431 3962 573 4025 immolent,
594 3963 620 4014 hi
640 3964 708 4014 ludis
727 3966 848 4029 praesint.
886 3966 928 4015 Ita
946 3965 973 4015 in
992 3967 1105 4016 carmine
1124 3966 1267 4029 Marciano,
1287 3970 1426 4018 semndum
1446 3969 1514 4033 quod
1534 3970 1699 4034 Apollinaris
1717 3972 1757 4020 in·

431 4058 519 4106 stitnta
537 4064 605 4119 sunt,
624 4059 776 4107 ordinantur
788 4059 838 4108 sic:
858 4054 898 4106 lia
915 4056 982 4107 ludis
992 4056 1125 4121 faciendis
1138 4062 1255 4126 procerit
1268 4067 1375 4128 praetor
1393 4062 1417 4110 ic
1434 4062 1479 4127 qui
1495 4061 1535 4111 ius
1549 4061 1644 4128 populo
1659 4060 1756 4130 plebei·

431 4165 476 4214 quc
495 4147 567 4198 dabit
586 4165 713 4209 summum
734 4148 868 4200 decemuiri
888 4148 984 4200 θναοιο
1003 4151 1054 4199 ritu
1073 4149 1163 4202 duania
1180 4168 1256 4203 socru
1266 4152 1374 4215 fuciunt
1392 4153 1459 4215 (Liv.
1474 4154 1517 4217 26,
1533 4155 1575 4215 12,
1593 4154 1645 4216 10).

507 4239 531 4302 ²)
560 4242 857 4304 Actaa.371an.23;
883 4242 1243 4295 cf.alteraa891an.17.
1283 4243 1440 4297 Stactarccht
1459 4244 1501 4308 2³,
1524 4246 1584 4296 135.

506 4330 531 4395 ³)
560 4336 686 4384 Actorum
705 4350 727 4383 v.
747 4334 793 4397 as;
821 4334 854 4384 ct.
873 4335 963 4386 Festus
988 4351 1027 4400 ep.
1047 4352 1072 4400 p.
1087 4337 1134 4386 38:
1163 4338 1245 4388 contio
1269 4338 1397 4405 significat
1420 4345 1574 4402 conuentum,
1600 4356 1650 4389 nou
1676 4347 1756 4391 tumen

430 4423 507 4475 olium
526 4442 598 4492 quam
617 4442 670 4476 eum
688 4427 733 4493 qui
751 4444 767 4475 a
786 4428 937 4493 magistratu
954 4428 996 4477 vel
1012 4427 1141 4478 sacerdote
1159 4427 1262 4496 publico
1282 4446 1332 4497 per
1348 4447 1495 4498 macconem
1513 4439 1672 4483 convocatur.
1710 4434 1756 4484 Ius

430 4519 595 4569 contionandi
620 4520 788 4584 edicendique
807 4519 968 4570 sacerdotum
988 4535 1036 4586 ego
1056 4518 1215 4572 Stuutcrecltt
1234 4527 1259 4585 1,
1281 4525 1341 4574 200.
1363 4525 1416 4574 204
1441 4524 1556 4575 terminis
1578 4526 1657 4576 nimis
1675 4540 1755 4591 augu-

429 4611 474 4660 stis
493 4612 607 4661 conclusi
626 4612 675 4662 soli
694 4612 807 4676 pontiflci
828 4613 942 4662 maximo
962 4612 989 4663 id
1010 4613 1158 4665 attribuens.

504 4701 529 4764 ⁴)
558 4704 729 4769 Praescriptio
749 4711 851 4754 servata
870 4711 908 4753 est
926 4713 1040 4755 actorum
1060 4722 1084 4756 v.
1098 4707 1134 4757 64
1152 4714 1178 4756 ct
1194 4707 1257 4757 1542
1277 4703 1403 4770 XVvirb)
1422 4707 1524 4771 noema)
1540 4708 1696 4774 ylaeiuudr'a)
1715 4709 1754 4760 cli-

428 4803 497 4858 cunt,
524 4804 697 4847 memorantur
719 4797 803 4847 edicta
822 4813 846 4846 v.
862 4798 904 4847 24.
925 4797 969 4847 40.
989 4798 1032 4849 46.
1056 4800 1119 4859 162ς
1147 4815 1171 4848 v.
1186 4801 1221 4850 80
1243 4800 1316 4850 adast
1339 4802 1474 4852 exordium
1500 4800 1607 4864 latonam)
1623 4801 1754 4867 fluctum),

429 4888 460 4937 de
485 4903 536 4954 quo
556 4889 624 4938 infra
643 4906 666 4954 p.
683 4890 735 4940 255
755 4892 837 4940 notl
860 4888 1021 4940 dictumest.
1042 4919 1074 4928 -
1094 4892 1126 4941 In
1146 4892 1209 4942 actls
1227 4893 1373 4946 severianis
1393 4893 1483 4945 edictis
1508 4896 1575 4960 quod
1602 4896 1754 4959 praescribi·

427 4990 480 5030 tur:
500 4981 557 5047 imp.
575 4978 670 5031 Caesar
758 4979 865 5033 Seuerus
888 5019 914 5034 ..
939 4990 963 5032 et
980 4984 1038 5051 imp.
1056 4981 1151 5033 Cacsar
1169 5020 1196 5034 ..
1217 4985 1359 5036 Antoninus
1377 4983 1412 5047 [et
1432 4984 1496 5036 Geta
1518 4983 1622 5051 Caesar]
1642 5004 1695 5038 cum
1714 5003 1754 5038 cc·

428 5074 488 5122 1ιηί
507 5070 624 5124 XVviris
642 5091 662 5125 a.
679 5075 706 5139 j.
726 5073 812 5125 dicum
834 5091 891 5126 oum
917 5075 1036 5127 formulis
1059 5083 1202 5141 temporum
1228 5093 1331 5144 quoque
1353 5080 1520 5131 mutationem
1543 5080 1685 5132 luculenter
1708 5081 1753 5131 de-

427 5167 517 5216 clarat.

503 5257 527 5322 5)
556 5261 681 5310 Actorum
700 5276 724 5311 v.
740 5261 783 5323 39.
817 5260 857 5313 Cf.
875 5259 1032 5313 Stactarecltt
1051 5262 1143 5325 a,135
1163 5270 1216 5313 not.
1231 5264 1256 5313 5.
