3798 5910
601 589 653 639 ΔΙ)
680 589 778 639 ACTA
805 590 1009 643 savattvtt.

758 831 785 868 a.
808 811 857 869 40.

793 1000 818 1059 I·
943 1086 1111 1158 adsuerunt:

451 1231 458 1243 .
482 1230 488 1241 .
513 1228 520 1241 .
545 1231 551 1242 .
576 1185 612 1242 L.
638 1187 750 1244 Annius
772 1186 943 1245 Vinicianus

355 1288 451 1345 VIIII
470 1289 498 1346 is.
520 1289 622 1346 Iunias
644 1292 673 1345 in
695 1286 847 1365 Capitolio

448 1434 453 1445 .
480 1436 486 1448 .
511 1434 516 1446 .
542 1436 548 1448 .
568 1410 624 1466 pra
648 1378 789 1467 magistro
813 1392 976 1467 magisterii

449 1494 481 1550 P.
507 1494 622 1550 Memmi
643 1493 748 1568 Reguli
769 1492 876 1568 conlegi
899 1492 1022 1550 fratrum
1047 1496 1140 1551 Arva-

451 1595 519 1652 lium
541 1599 650 1653 nomina
672 1597 705 1653 ab
726 1596 855 1653 natalem
879 1593 1049 1655 Germanici

449 1696 582 1754 Caesaris
607 1697 669 1754 Ioui
690 1697 784 1755 bouem
805 1717 924 1765 rnorem,
947 1697 1053 1755 Iunoni
1078 1717 1208 1770 vaccam,

447 1798 594 1856 Mineruae
615 1818 731 1857 vaccam
753 1801 927 1858 immolavit.

446 1901 609 1975 Adsuarunt
631 1945 686 1958 ...
704 1921 747 1973 us,
772 1903 810 1959 M.
828 1901 957 1975 Silanus,
979 1901 1015 1960 O.
1031 1901 1161 1961 Caecina

446 2002 572 2077 Largus,
599 2004 710 2061 Taurus
733 2002 872 2062 Statilius
894 2002 1044 2063 Corvinus

305 2103 470 2179 lt(alendis)
962 2105 1047 2164 Iunis

446 2249 733 2265 ..........
753 2226 809 2283 pro
830 2208 973 2283 magistro
996 2208 1158 2284 magisterii

446 2308 478 2365 Ρ.
503 2309 618 2366 Memmi
637 2310 742 2385 Reguli
764 2309 880 2386 conlegi
902 2310 1023 2367 fratrum
1048 2312 1105 2368 Ar-

444 2411 552 2468 valium
572 2412 688 2468 nomine
710 2412 747 2469 ad
770 2412 856 2468 deam
878 2411 968 2470 Diam
992 2431 1113 2470 vaccam

443 2515 604 2572 immolauit.
994 2515 1161 2572 Adluerunt

446 2615 629 2690 imp(erat0r)
655 2614 687 2673 C.
713 2614 823 2675 Caesar
846 2619 922 2693 Aug.
947 2615 1153 2688 Germanicus,

447 2717 477 2776 C.
504 2716 629 2775 Caecina
651 2717 779 2793 Largus,
802 2717 922 2777 Taurus
946 2717 1083 2778 Statilius

445 2818 594 2891 Coruinus,
617 2819 654 2878 J..
680 2821 797 2878 Annius
818 2821 1006 2891 Vinicianus,
1029 2820 1064 2880 Ο.

446 2920 620 2997 Calpurnius
643 2921 724 2993 Piso,
746 2922 786 2980 M.
811 2921 939 2981 Silanus.

291 3022 386 3096 a(rtta)
409 3022 509 3098 d(iarn)
532 3068 540 3082 .
564 3069 570 3082 .
595 3069 602 3081 .
625 3023 902 3099 non(as)1uu(ias)
925 3027 953 3081 iu
977 3022 1129 3100 Capitolio
1315 3043 1424 3086 mas-s

178 3140 205 3179 ro
446 3169 670 3185 ........
689 3145 747 3202 pro
769 3127 910 3204 magistro
933 3127 1097 3203 magisterii

443 3229 477 3286 P.
500 3227 614 3286 Munati
634 3228 736 3302 Reguli
760 3229 876 3304 conlegi
899 3229 1023 3288 fratrum

443 3330 596 3388 Arvalium
616 3329 731 3387 nomine
753 3332 791 3389 ob
814 3331 943 3389 natalem
967 3330 1159 3406 [Caesonius]

447 3431 478 3489 0.
493 3433 627 3492 Caesaris
643 3432 835 3508 Germanicfi)
849 3433 1005 3510 Aug(usti)
1020 3432 1082 3490 lovi
1100 3433 1204 3490 bovem
1221 3453 1342 3506 marein,

446 3535 548 3592 lunoni
568 3553 697 3605 uaccam,
719 3534 873 3593 Minervae
896 3554 1013 3593 vaccam

443 3638 605 3695 immolauit.
639 3637 801 3711 Adsuarunt
816 3638 846 3697 0.
861 3637 989 3696 Caecina
1002 3636 1130 3713 Largus,
1150 3638 1191 3695 M.
1205 3637 1337 3709 Silanus,

443 3737 481 3796 L.
503 3739 616 3798 Artatus
641 3738 819 3810 Vinicianus,
842 3737 877 3798 C.
901 3738 1082 3814 Calpurnius
1105 3739 1178 3798 Piso

781 3974 918 4075 H..

443 4098 469 4156 L
492 4143 624 4158 .....

443 4201 560 4260 Taurus
583 4201 716 4261 Statilius
741 4200 903 4259 Coruinus?

443 4303 475 4362 M
492 4346 688 4362 .......

137 4544 175 4599 ad
201 4542 429 4619 disquisitiones
454 4545 663 4622 grammaticas
691 4546 903 4621 inscriptiones
930 4545 1070 4602 adhibere
1096 4544 1273 4603 instituerat.
1316 4544 1461 4604 Notitiam

136 4644 204 4702 libri
227 4645 369 4704 debemus
394 4646 563 4704 Bormanno
590 4654 700 4704 nostro.
754 4648 937 4723 Apographa
958 4666 1024 4704 oum
1052 4665 1123 4705 cura
1150 4646 1229 4705 lacta
1256 4658 1324 4705 suut
1352 4658 1382 4706 et
1403 4649 1462 4705 Ac·

136 4747 283 4805 cursianis
305 4747 366 4805 lere
395 4749 627 4824 aequiperanda3
662 4759 765 4807 notant
785 4750 830 4805 vel
854 4750 955 4824 apices
976 4758 1005 4806 et
1025 4749 1139 4807 litteras
1161 4750 1333 4807 eminentes.
1372 4748 1460 4823 Quod

135 4860 235 4907 autem
258 4848 423 4928 fragmenta
444 4850 517 4908 haec
539 4850 712 4924 prodierunt
732 4853 833 4927 pravis
855 4852 1068 4928 supplementis
1089 4851 1246 4926 inquinata
1259 4852 1385 4925 ideoque
1400 4850 1461 4909 fere

135 4952 269 5025 inutilia,
293 4952 403 5010 lactum
425 4963 551 5010 estnon
574 4952 663 5029 culpa
684 4953 825 5024 auctoris,
852 4954 901 5029 qui
924 4955 953 5011 in
976 4952 1079 5011 codice
1102 4954 1238 5030 religiose
1261 4953 1407 5011 alitteris
1430 4954 1460 5011 in

136 5054 235 5130 lapide
258 5055 385 5112 serratis
408 5054 545 5112 distinxit
566 5055 772 5130 supplementa
794 5073 848 5113 sua
869 5057 969 5113 colore
996 5055 1086 5113 rubro
1113 5055 1275 5129 adscripta,
1305 5054 1356 5111 sed
1383 5054 1461 5113 osci·

135 5157 231 5214 tantia
254 5153 340 5215 Gorii
367 5155 408 5230 (is
430 5156 506 5214 enim
529 5155 566 5213 ad
589 5156 680 5215 Donii
702 5156 808 5215 librum
831 5168 972 5234 excerpta
997 5176 1035 5214 ex
1059 5159 1115 5215 hoc
1141 5157 1244 5215 codice
1266 5156 1393 5228 addidit,
1421 5157 1459 5214 cf.

136 5259 229 5335 prael.
252 5277 281 5334 p.
294 5257 383 5334 XX),
405 5259 454 5336 qui
477 5259 578 5316 omnia
598 5258 725 5318 confusa
746 5269 776 5318 et
797 5260 969 5318 indistincta
987 5261 1067 5336 typis
1082 5260 1241 5336 expressit.
1279 5257 1460 5336 Supplendis
