3768 5912
575 580 782 630 convensus
808 581 1038 630 senercunis
1387 560 1461 634 389

146 678 1168 690 —-——————-———-———-—-—-—-...

144 765 279 844 begam
306 764 399 825 lslerti
425 768 501 826 dent
554 769 643 827 Unde
669 767 808 845 repetivit
837 766 905 827 Fita
931 768 984 828 bol.
1011 770 1044 829 de
1072 771 1103 829 le
1127 768 1220 830 Aeed.
1244 773 1347 831 XXIII
1377 774 1459 834 1893

141 891 174 946 p.
200 873 262 930 460
285 869 338 946 qui
360 891 387 930 v.
413 874 430 930 3
455 888 586 951 osuin,
612 875 629 931 5
654 888 766 932 solens
789 871 916 949 scripsit
963 875 1020 933 Pro
1043 890 1171 935 somene
1193 875 1291 952 possis
1313 876 1403 936 etiam
1424 879 1461 936 de

142 991 269 1035 rosires
300 974 447 1051 cogites-03
481 977 535 1035 sed
565 983 696 1051 praestat
724 995 891 1054 cognomen
920 977 1069 1037 Latinum.
1126 978 1218 1039 Initio
1247 978 1306 1039 fuit
1334 981 1461 1040 fortasse

137 1100 200 1155 pro
220 1079 318 1138 rehu.
369 1079 497 1139 Videtur
518 1078 632 1139 saeculi
652 1079 743 1156 primi
765 1099 830 1139 esee
852 1087 974 1158 propter
996 1081 1134 1160 Ingenuus
1155 1084 1282 1143 formam
1303 1090 1460 1145 vetustum.

535 1394 647 1453 xxxi
693 1394 924 1453 moneris
945 1414 974 1472 p.
1001 1396 1072 1455 sse.

141 1570 172 1608 n.
202 1549 294 1607 5409.
345 1548 494 1625 Ectypum
521 1549 558 1607 eb
587 1548 690 1608 amicis
720 1557 873 1628 acceptum
901 1549 984 1610 misit
1013 1551 1176 1631 Berlenge,
1210 1552 1291 1628 quod
1324 1553 1460 1627 quemvis

184 1651 395 1730 imperfectum
423 1659 523 1712 umen
549 1673 576 1711 r.
610 1654 627 1712 3
658 1660 733 1713 extr.
763 1653 842 1712 clere
872 1652 994 1714 exhibet
1022 1672 1107 1715 lecu
1123 1701 1129 1715 .
1148 1701 1155 1714 .
1174 1700 1206 1714 ..
1235 1655 1363 1734 litterae,
1398 1677 1460 1716 non

185 1774 317 1818 rectove
333 1801 341 1817 .
357 1801 365 1817 .
383 1802 390 1817 .
407 1775 439 1836 N,
462 1763 497 1817 ut
517 1757 631 1836 legerat
645 1758 740 1833 Gago.
778 1756 953 1817 Lacilbulae
975 1757 1069 1835 igitur
1090 1759 1222 1819 neminie
1244 1761 1341 1820 forma
1356 1762 1460 1821 eadem

179 1862 276 1938 'etque
297 1862 326 1920 11
352 1862 431 1920 1342
455 1861 505 1921 hic
528 1881 647 1938 qnoque
669 1860 788 1922 videtur
809 1861 953 1921 extitisse.

493 2255 761 2342 OONVIINIVS
787 2255 1109 2344 Asslclslcvs

424 2473 447 2530 L
477 2469 619 2530 socos
638 2468 702 2529 nn
721 2467 780 2530 ιΑ
801 2469 1036 2530 morumne
1057 2490 1086 2548 p.
1105 2472 1176 2531 err.

229 2629 323 2686 Areos
340 2627 374 2684 de
394 2627 424 2686 le
439 2628 590 2707 Frontem,
613 2631 765 2686 vetustum
786 2646 858 2686 eane
881 2625 1034 2706 oppidum,
1059 2627 1147 2703 quale
1169 2646 1278 2687 nomen
1301 2628 1459 2706 antiquum

135 2731 268 2811 gesserit
301 2731 487 2809 ignoramus3
524 2732 562 2791 de
593 2729 697 2791 Laelia
729 2731 779 2790 vel
813 2729 912 2808 Iptuci
939 2729 1102 2806 cogitatum
1133 2737 1179 2790 est
1208 2727 1245 2811 (v.
1270 2734 1299 2791 11
1320 2753 1350 2811 p.
1374 2731 1456 2814 847).

137 2835 305 2914 Arcobrige
323 2842 459 2917 unoque,
483 2834 655 2914 provinciae
670 2834 902 2895 Tarraconensis
924 2834 956 2893 in
978 2832 1028 2894 via
1042 2835 1174 2895 Emerita
1189 2837 1458 2913 Caesaraugustam

137 2942 198 3003 site
212 2949 242 3000 et
255 2939 439 3020 Lusitanice‚
460 2939 609 3000 immerito
635 2961 653 2999 e
679 2930 873 3017 scriptoribus
899 2937 1046 3016 Hispanis
1068 2939 1126 2998 huc
1147 2939 1240 2999 relata
1265 2946 1325 3019 est;
1347 2961 1458 3001 nomen

136 3044 293 3108 novicium
315 3047 352 3105 eb
375 3047 503 3106 arcubm
532 3045 647 3120 aliquot
674 3042 820 3103 Romanis
848 3041 892 3101 ibi
921 3041 1082 3119 eliquendo
1110 3045 1237 3104 fortasse
1260 3045 1384 3104 servatis
1407 3048 1458 3106 de-

137 3155 264 3212 ductum
287 3157 340 3211 est.

136 3337 183 3406 94
205 3343 299 3402 Areos
317 3341 351 3400 cle
371 3340 400 3400 la
421 3340 574 3419 Frontem,
598 3339 709 3398 tebelle
730 3359 896 3398 marmoree
916 3358 979 3416 rep.
1003 3346 1087 3398 extre
1108 3340 1212 3398 urbem
1235 3338 1267 3398 in
1290 3340 1456 3418 sepulcreto

182 3452 301 3506 vetusto
323 3465 417 3523 prope
440 3445 470 3503 le
491 3444 591 3503 coledu
612 3442 1024 3520 deJcramin31eteeetm.
1051 3445 1132 3523 030,
1156 3444 1216 3502 alte
1239 3445 1321 3524 020,
1347 3443 1458 3522 scripte

180 3549 291 3610 litteris
313 3550 420 3609 secel
442 3547 639 3628 elegentibus,
663 3546 731 3607 altis
753 3567 791 3607 m.
814 3550 897 3626 0.03,
920 3566 1087 3623 exgenere
1110 3567 1221 3628 earum,
1244 3568 1320 3624 quae
1343 3549 1456 3609 calerno

180 3655 359 3734 scriptarum
381 3654 444 3714 sive
466 3652 614 3731 pictarum
636 3651 751 3711 similes
773 3657 852 3712 sunt.

594 3864 1002 3948 νιεΤοκιΑὲὮπτι-,η

595 4006 986 4050 c·svrnuvs·c·s·rer

635 4109 802 4154 PAELIGNVS
827 4124 834 4139 ·
856 4111 984 4154 rueme

595 4214 663 4258 IVRE
688 4228 695 4242 ·
720 4213 862 4258 DICENDO
947 4215 986 4256 ΒΕ

551 4315 564 4355 e
613 4304 729 4423 Q
827 4318 934 4361 sectr

135 4526 292 4604 Deseripsi
321 4548 357 4587 ex
388 4533 492 4605 ectypo
516 4547 534 4586 a
555 4525 622 4586 Fite
651 4525 757 4605 misso,
788 4525 842 4602 qui
869 4527 915 4586 ed.
940 4523 1101 4585 toldelo
1123 4525 1213 4585 Acad.
1245 4527 1348 4586 XXIV
1373 4528 1453 4585 1894

135 4655 165 4711 p.
184 4634 221 4691 21
237 4651 277 4692 ss.
301 4636 455 4709 acceptum
477 4652 495 4690 e
516 4629 652 4691 Victorio
673 4629 805 4707 Moline;
834 4631 871 4690 de
894 4630 954 4689 situ
976 4629 1056 4688 idem
1079 4628 1157 4689 dixit
1177 4626 1230 4688 bol.
1254 4629 1288 4688 cie
1309 4631 1339 4689 la
1359 4629 1452 4690 Aced.

135 4737 242 4796 XXIII
268 4737 348 4796 1893
371 4756 400 4814 p.
419 4738 491 4795 494.

181 4844 218 4901 V.
235 4843 253 4900 2
278 4856 415 4900 svrmrvs
436 4838 469 4897 in
490 4837 590 4915 lepide
611 4837 689 4898 clare
710 4837 834 4916 legitu13
857 4837 917 4897 nisi
938 4836 1067 4896 incisum
1089 4836 1262 4915 imperfecte
1283 4858 1337 4916 pro
1360 4855 1454 4897 eves·

136 4962 201 5005 uvs
221 4943 335 5022 gentile
357 4942 536 5019 Paelignum
564 4948 623 5022 est,
653 4961 783 5019 quocum
810 4941 1042 5020 comperandum
1065 4962 1082 5000 e
1103 4940 1224 5019 propria
1244 4941 1454 5017 Paelignorum

134 5048 260 5126 regione
281 5048 382 5108 Acal'e
404 5049 439 5106 C.
454 5048 500 5107 IX
517 5048 597 5105 3171
623 5045 674 5106 vix
693 5046 853 5107 diversum.
898 5044 1045 5107 Similiter
1065 5047 1194 5105 formate
1215 5053 1286 5104 sunt
1307 5044 1454 5104 Loteela'ee

134 5156 164 5212 X
189 5153 274 5213 8059
299 5153 360 5212 228
391 5150 518 5211 Venetiae
546 5152 575 5208 X
602 5152 682 5208 1334
707 5153 805 5226 5746;
836 5151 873 5209 eb
901 5152 1005 5209 eadem
1030 5149 1129 5209 radice
1157 5147 1295 5227 provenit
1320 5147 1454 5207 Avieda'er

132 5259 178 5317 lx
203 5257 300 5317 3386.
345 5254 470 5314 Avulsae
492 5255 588 5313 forma
609 5253 757 5313 recentior
779 5255 922 5330 frequens
944 5262 998 5313 est.
1045 5318 1050 5333 ¹
