3816 5912
530 534 601 606 226
1143 557 1240 609 acra

528 729 682 804 tt,18¹).
725 730 884 789 Uberrima
911 731 983 788 baec
1006 742 1259 789 monumentorum
1289 733 1522 809 relationumque
1544 733 1632 810 copia
1654 751 1721 790 cum
1744 750 1847 809 suppe-

526 841 600 888 teret
622 851 715 908 eaque
738 842 769 891 ut
790 842 948 909 augeretur
970 834 1021 891 vix
1043 834 1228 893 crederemus
1251 833 1314 891 fieri
1337 852 1436 910 posse,
1463 835 1657 894 nihilominus
1678 834 1844 893 faventibus

526 934 587 1006 dis,
614 936 716 1010 quibus
738 946 841 1012 septem
863 936 997 1013 placuere
1019 937 1119 1007 colles,
1147 937 1229 994 bisce
1250 935 1356 995 diebus
1383 938 1520 1014 apparuit
1545 938 1632 996 nobis
1655 937 1738 995 beatu
1762 938 1842 1012 pleno
1886 934 1887 937 ’

525 1035 616 1111 Copia
638 1057 725 1095 contu
746 1038 926 1097 resuscitans
941 1050 1072 1098 actorum
1088 1039 1218 1110 illorum,
1241 1057 1365 1117 quorum
1381 1050 1469 1098 antea
1490 1040 1631 1116 reliquias
1646 1040 1773 1116 exiguas
1795 1040 1841 1095 ba-

523 1138 676 1209 bebamus,
699 1149 812 1216 partem
836 1161 893 1201 non
915 1142 1033 1201 brevem
1057 1152 1085 1201 et
1107 1142 1308 1217 conspicuam.
1343 1144 1420 1201 Acta
1442 1144 1514 1200 haee
1536 1161 1603 1199 cum
1618 1161 1664 1200 me
1679 1141 1765 1200 edere
1787 1141 1841 1197 ius·

523 1242 614 1300 sisset
628 1244 780 1301 academia
801 1245 884 1322 regis
897 1243 1036 1303 Romana
1050 1244 1245 1321 Lynceorurn,
1269 1245 1408 1303 mandato
1431 1254 1463 1303 ut
1482 1243 1783 1302 honorificentissimo
1805 1243 1841 1301 ita

522 1345 701 1419 gravissimo
729 1356 760 1403 ut
785 1347 874 1403 debui
900 1347 1080 1421 posthabitis
1107 1348 1235 1424 negotiis
1260 1348 1328 1405 aliis
1355 1347 1491 1405 omnibus
1518 1347 1600 1405 illico
1627 1346 1838 1427 obtemperari;

522 1447 575 1503 sed
598 1466 661 1505 cum
687 1449 773 1506 amici
795 1448 925 1507 Romani
952 1451 1139 1507 nuntiassent
1167 1449 1255 1507 simul
1283 1449 1438 1508 eruderata
1464 1466 1531 1507 esse
1557 1458 1624 1506 acta
1645 1447 1837 1506 saecularium

520 1550 735 1608 celebratorum
762 1551 926 1627 imperante
950 1550 1061 1611 Severo
1083 1572 1109 1608 a.
1133 1571 1161 1628 p.
1178 1549 1249 1610 Chr.
1267 1550 1340 1625 204,
1367 1551 1607 1610 commentarium
1635 1549 1753 1627 publice
1778 1567 1837 1623 pro

520 1652 591 1725 poni
617 1672 674 1710 non
701 1654 803 1711 debuit
829 1664 897 1712 ante
925 1654 1095 1712 examinata
1121 1664 1188 1712 acta
1209 1652 1381 1714 Severiana.
1424 1653 1487 1711 Iam
1514 1660 1673 1730 postquam
1699 1652 1772 1709 baec
1793 1651 1836 1708 de-

520 1755 632 1829 scripta
653 1757 763 1830 accepi,
786 1757 956 1815 mandatum
978 1757 1096 1833 perfeci.
1130 1756 1218 1815 Hanc
1240 1766 1337 1816 autem
1360 1757 1432 1814 mibi
1454 1755 1549 1832 legem
1570 1755 1600 1811 in
1614 1753 1787 1830 exequendo
1805 1772 1836 1809 eo

519 1857 617 1930 posui,
642 1866 674 1914 ut
696 1860 725 1915 in
748 1859 786 1916 iis
802 1878 848 1915 me
863 1859 1042 1917 continerem
1066 1877 1141 1934 quae
1163 1877 1209 1917 res
1232 1858 1409 1934 requirebat,
1431 1857 1546 1916 scilicet
1560 1866 1630 1914 nota
1644 1865 1743 1927 antea,
1765 1874 1835 1931 quae

519 1977 573 2031 pro
599 1979 632 2017 re
658 1971 727 2018 sunt
752 1961 912 2019 admodum
939 1962 1045 2031 multa,
1074 1962 1103 2018 in
1131 1961 1206 2019 actis
1233 1963 1280 2019 his
1306 1961 1459 2018 redeuntia
1483 1959 1609 2018 breviter
1632 1959 1834 2037 significarem,

517 2079 595 2119 nora
616 2081 693 2138 quae
716 2063 858 2121 accedunt
880 2072 1019 2140 qnantum
1047 2063 1077 2119 iu
1105 2083 1150 2120 me
1176 2063 1231 2121 fuit
1256 2063 1449 2139 explicarem,
1476 2079 1552 2137 quae
1574 2070 1606 2119 ut
1630 2062 1835 2137 interpretarer

517 2164 589 2221 mihi
612 2183 671 2223 non
694 2165 838 2223 successit
859 2165 986 2242 ingenue
1007 2166 1171 2242 profiterer,
1194 2167 1381 2241 quaestiones
1404 2163 1440 2222 ad
1463 2164 1659 2222 saecularium
1683 2163 1834 2221 sollemnia

516 2272 707 2342 pertinentes,
731 2268 783 2325 sed
805 2268 878 2325 actis
901 2268 947 2324 his
969 2267 1112 2326 redivivis
1135 2287 1193 2324 non
1216 2267 1379 2325 elucidatas
1401 2268 1438 2325 ab
1461 2267 1518 2325 hoc
1540 2286 1605 2325 meo
1627 2265 1832 2324 commentario

515 2370 620 2444 procul
641 2371 790 2439 haberem,
812 2370 939 2445 denique
961 2370 991 2427 id
1013 2388 1141 2447 agerem,
1165 2380 1197 2427 nt
1218 2372 1285 2444 ipsa
1305 2378 1497 2427 monumenta
1510 2386 1597 2443 quam
1614 2369 1766 2426 celerrime
1785 2387 1834 2445 pu·

515 2470 591 2528 blice
613 2472 778 2529 ederentur.
811 2471 890 2529 Nam
913 2490 1091 2547 quamquam
1114 2481 1336 2530 monumentum
1358 2472 1476 2547 insigne
1497 2472 1609 2547 optimo
1623 2470 1751 2529 consilio
1772 2489 1837 2529 aca-

515 2572 613 2630 demia
639 2574 734 2632 noluit
758 2574 903 2649 publicari
930 2575 972 2631 ita
998 2575 1107 2632 nudum
1133 2585 1163 2631 et
1184 2574 1329 2645 deforme,
1357 2583 1389 2630 nt
1415 2574 1495 2631 urbis
1518 2582 1656 2631 aeternae
1682 2573 1780 2630 solum
1805 2574 1838 2630 id

514 2676 600 2733 nobis
624 2677 760 2745 restituit,
786 2695 882 2735 rernm
906 2676 1108 2734 Romanarum
1131 2677 1237 2734 notitia
1258 2694 1316 2735 non
1339 2677 1413 2733 meis
1436 2675 1664 2744 commentariis,
1688 2674 1741 2732 sed
1761 2675 1838 2749 ipsis
1886 2698 1887 2745 ς

514 2778 638 2836 vetustis
664 2779 800 2855 reliquiis
823 2778 987 2854 augebitur,
1014 2779 1124 2855 quique
1151 2780 1263 2854 primus
1286 2779 1357 2834 talia
1379 2778 1439 2835 edit
1460 2797 1526 2835 cum
1549 2777 1764 2855 posterioribus
1786 2795 1838 2834 ne·
1884 2752 1887 2875 i

513 2882 645 2939 cessario
667 2880 761 2938 multa
782 2881 929 2956 relinquat
950 2880 1100 2951 addenda,
1125 2881 1268 2957 quaedam
1291 2880 1378 2938 etiam
1400 2879 1598 2951 emendanda,
1623 2880 1712 2956 longe
1734 2879 1838 2938 utilius
1885 2884 1887 2919 l

512 2991 559 3039 est
581 2990 698 3057 reperta
720 2984 779 3041 cito
801 2982 926 3058 proferri
948 3001 1036 3057 quam
1060 2983 1090 3040 in
1112 2983 1354 3059 interpretatione
1377 2982 1518 3059 pauciora
1539 2981 1711 3040 desiderari.
1880 3000 1887 3113 q

596 3085 673 3142 Acta
694 3103 769 3160 quae
791 3095 952 3162 supersunt
973 3086 1037 3143 sive
1059 3085 1310 3161 [commarcarum
1332 3084 1476 3159 [ludorum
1497 3083 1737 3159 saecu]lar[r'u]rn‚
1759 3102 1838 3160 quae
1886 3116 1887 3119 ¹

1884 3144 1887 3173 l

512 3195 558 3243 est
583 3187 777 3263 praescriptio
804 3198 935 3244 actorum
959 3186 1201 3261 severianorum,
1228 3198 1348 3246 senatus
1375 3187 1536 3246 secundum
1563 3187 1732 3246 consultum
1758 3186 1837 3261 ipsis
1883 3192 1887 3253 t

511 3290 657 3347 insertum
681 3309 708 3346 r.
724 3289 854 3347 stt-63
881 3290 1001 3347 inscribi
1029 3290 1114 3348 iussit
1141 3294 1171 3347 in
1193 3291 1349 3347 columnam
1371 3291 1504 3348 aheneum
1525 3300 1551 3346 et
1571 3289 1694 3347 alteram
1713 3307 1838 3346 murmu-
1884 3262 1887 3299 i

511 3409 589 3448 ream
610 3410 645 3450 eo
668 3392 733 3448 loco
755 3392 961 3463 collocandas,
988 3393 1038 3450 nbi
1064 3391 1126 3449 ludi
1148 3391 1239 3450 futuri
1261 3400 1372 3465 essent,
1399 3412 1417 3449 a
1438 3391 1560 3468 quoin,
1587 3409 1646 3466 quo
1667 3391 1839 3468 fragmenta
1883 3446 1887 3501 q

509 3503 616 3552 nostra
637 3494 794 3552 eruderate
817 3506 899 3565 sunt,
927 3494 1018 3552 distat
1045 3513 1103 3551 non
1129 3494 1197 3570 plus
1221 3514 1259 3551 m.
1278 3494 1346 3553 500.
1390 3494 1493 3570 Itaque
1519 3493 1614 3551 frusta
1635 3493 1721 3551 nobis
1747 3494 1837 3552 resti·
1884 3518 1887 3589 q

509 3602 575 3653 tuta
600 3596 679 3654 inter
700 3615 731 3654 se
753 3596 918 3672 composita
943 3616 1014 3654 cura
1039 3595 1213 3673 praesertim
1234 3596 1382 3654 Barnabei
1410 3596 1504 3654 nostri
1528 3614 1592 3653 cum
1619 3602 1763 3670 appareat
1787 3612 1839 3652 su·
1885 3606 1887 3663 j

508 3715 631 3773 peresse
658 3718 698 3756 ex
724 3698 784 3774 pila
805 3698 951 3773 quadrata
977 3699 1125 3756 maximae
1147 3698 1248 3769 molis,
1277 3699 1351 3756 baec
1373 3706 1420 3756 est
1446 3698 1513 3774 ipsa
1533 3696 1586 3754 illa
1608 3696 1736 3755 columna
1757 3714 1837 3752 azur-
1886 3676 1887 3689 ἵ

509 3818 617 3871 marem
641 3800 822 3875 eandemque
844 3800 1009 3858 columnam
1033 3802 1097 3858 sine
1113 3801 1202 3858 dubio
1224 3808 1431 3877 repraesentat
1451 3817 1587 3858 nummus
1608 3798 1646 3856 ad
1667 3798 1754 3856 ludos
1775 3797 1837 3856 hos

507 3902 782 3961 commemorandos
805 3920 893 3960 casus
916 3924 935 3961 a
957 3904 1111 3961 triumviro
1135 3903 1275 3961 monetali
1295 3901 1329 3959 L.
1346 3902 1489 3961 Mescinio
1504 3901 1594 3973 Rufo,
1615 3902 1666 3976 qui
1686 3901 1838 3978 reperitur
1882 3884 1887 3977 ¹,

507 4004 586 4063 infra
607 4005 636 4062 in
659 4005 823 4081 appendice
844 4006 1012 4062 nummaria
1033 4005 1111 4062 inter
1131 4013 1246 4063 ceteros
1270 4023 1406 4063 nummos
1428 4004 1466 4061 ad
1481 4004 1567 4062 ludos
1583 4003 1749 4063 saeculares
1764 4021 1836 4078 per·
1885 4000 1887 4077 l

508 4106 634 4165 tinentes
661 4126 732 4165 cura
752 4106 903 4165 Dresselii
924 4106 1154 4183 compositosl).
1201 4106 1236 4163 In
1257 4107 1312 4165 illu
1333 4107 1472 4165 columna
1492 4125 1569 4182 quae
1590 4105 1773 4182 legebantur,
1801 4106 1835 4163 in
1884 4082 1887 4159 i

506 4209 631 4267 formam
660 4209 824 4267 breviorem
852 4208 972 4266 redacta
999 4227 1136 4267 nummus
1162 4209 1282 4283 repetit:
1317 4222 1722 4268 rmr·cassaa·avovsrvs
1827 4251 1835 4267 .

507 4326 609 4370 nvnos
622 4340 628 4353 ·
641 4326 827 4369 sascvtanss
850 4311 973 4386 (rscrr).
1886 4300 1887 4307 ¹

589 4413 718 4471 Textum
745 4414 863 4471 tabulae
889 4424 1099 4472 recensuerunt
1125 4412 1316 4472 Christianus
1342 4413 1479 4472 Huelseu
1506 4420 1535 4471 et
1561 4412 1661 4471 Dante
1683 4411 1833 4487 Vaglieri3
1882 4412 1887 4493 j

504 4515 593 4573 iidem
617 4516 738 4574 huiusce
761 4516 884 4574 alterius
907 4515 1046 4575 editionis
1069 4535 1162 4574 causa
1186 4516 1302 4592 lapides
1329 4515 1426 4574 denno
1455 4514 1625 4592 (significati
1649 4513 1680 4572 in
1706 4513 1832 4571 adnota-

505 4618 585 4677 tione
607 4618 714 4677 litteris
737 4619 777 4676 H.
794 4617 846 4693 V.)
868 4618 1092 4695 diligentissime
1114 4628 1358 4695 recognoverunt.

505 4729 707 4736 *nu—‘m-

581 4788 605 4852 1)
630 4790 786 4854 Vergilium,
812 4789 854 4852 qni
874 4788 938 4837 obiit
961 4789 1064 4839 biennio
1084 4796 1142 4839 ante
1168 4790 1250 4839 editos
1275 4788 1348 4838 ludos
1373 4788 1434 4851 hos,
1460 4803 1512 4837 non
1531 4786 1647 4837 absimile
1666 4786 1719 4836 reri
1740 4793 1779 4836 est
1798 4787 1832 4836 de

505 4883 663 4932 celebrandis
682 4883 714 4931 iis
734 4882 883 4945 cogitavisse
902 4882 959 4932 loco
973 4883 1107 4931 notissimo
1121 4882 1188 4930 Aen.
1203 4880 1227 4943 6,
1244 4881 1310 4930 792:
1330 4878 1460 4946 Aupustus
1475 4877 1570 4929 Caesar
1582 4877 1638 4928 divi
1654 4894 1731 4944 penus
1750 4894 1832 4927 aurea

504 4974 592 5025 condet
610 4974 696 5024 saecul
714 5011 720 5023 .
753 4974 798 5023 Ad
816 4974 944 5023 saeculnm
964 4974 991 5022 id
1011 4974 1080 5038 quod
1099 4972 1210 5022 celebrat
1228 4973 1318 5037 egloge
1337 4982 1437 5037 quarta,
1457 4973 1521 5023 haec
1540 4972 1683 5022 saecularia
1701 4986 1752 5021 non
1771 4986 1830 5036 per-

503 5069 586 5117 tinent
606 5066 639 5129 (r.
658 5084 684 5131 p.
699 5067 750 5116 238
771 5074 825 5115 not.
842 5064 876 5127 1).

579 5158 604 5220 ²)
633 5160 736 5212 Similes
760 5159 903 5208 Domitiani
928 5175 985 5208 cum
1010 5173 1042 5207 ex
1066 5165 1173 5221 argento
1199 5165 1250 5206 tum
1277 5172 1308 5206 ex
1333 5172 1396 5207 auro
1425 5157 1520 5207 babent
1546 5157 1648 5222 cippum
1676 5156 1829 5221 inscriptum

503 5258 582 5301 LVD·
600 5257 692 5300 Sasc-
708 5256 780 5299 Fac·
805 5251 914 5315 (Ceben,
933 5248 1003 5300 Me'd.
1024 5249 1066 5299 dea
1085 5266 1145 5316 emp.
1165 5250 1179 5300 1
1198 5267 1222 5315 p.
1237 5249 1300 5299 «175.
1314 5249 1368 5299 476
1388 5266 1413 5299 u.
1428 5248 1561 5309 sa—tt).
