3816 5912
537 558 715 613 nvoonvu
740 558 1011 613 suncvnnnrvu.
1184 525 1188 533 ⁴
1366 536 1436 610 957

123 753 171 793 eas
192 734 324 804 desinat,
352 734 451 792 media
477 734 567 794 habet
592 755 670 811 quae
695 755 755 794 non
781 735 964 794 conveniunt
984 735 1044 793 nisi
1070 734 1128 792 diis
1152 731 1341 809 Capitolinis.
1384 732 1448 791 Eos

121 838 207 908 eninr,
229 854 306 913 quos
329 836 416 896 botin
438 848 587 896 venantur
609 838 684 896 albia
706 839 869 916 Augustus,
897 856 964 896 esse
988 835 1176 914 Capitolinos
1198 835 1255 893 etsi
1276 843 1368 911 poeta
1390 854 1451 892 non

123 941 205 1012 dixit,
227 941 295 998 ideo
314 940 394 1016 quod
410 958 510 999 eorum
531 943 671 1017 propriae
692 950 762 999 sunt
775 941 913 998 victimae
935 938 1046 1014 illae1)
1069 941 1105 997 ab
1128 939 1166 996 iis
1189 938 1376 997 nominandis
1400 938 1451 995 ab·

123 1043 234 1113 adnuit,
260 1042 436 1118 sublataque
459 1051 505 1100 eat
526 1042 563 1100 de
584 1061 620 1100 ea
641 1062 674 1100 re
697 1043 844 1102 dubitatio
866 1043 964 1102 omnis
988 1042 1062 1100 actis
1085 1042 1250 1117 patefactis.
1296 1040 1401 1116 Itaque
1424 1050 1453 1098 et

123 1152 255 1204 actorum
277 1145 313 1203 de
337 1146 403 1202 loco
426 1146 545 1203 testatio
568 1156 596 1202 et
617 1146 685 1222 ipsa
707 1155 812 1221 poetae
833 1145 969 1203 sollertia
991 1156 1043 1203 aut
1064 1145 1224 1203 admittunt
1246 1153 1297 1201 aut
1312 1142 1386 1200 adeo
1408 1162 1453 1201 re·

123 1248 256 1323 quirunt,
284 1258 315 1305 ut
340 1267 458 1307 carmen
487 1256 652 1307 statuamus
678 1258 827 1307 cantatum
855 1266 923 1309 ease
945 1248 1085 1306 achoris
1112 1247 1250 1305 sollemni
1279 1264 1390 1322 pompa
1415 1264 1454 1302 ex

123 1349 240 1408 Palatio
262 1350 300 1408 ad
324 1348 505 1426 Capitolium
533 1353 726 1428 pergentibus
748 1360 777 1409 et
804 1352 873 1410 inde
898 1350 1091 1408 redeuntibus
1114 1350 1151 1406 ad
1174 1348 1279 1408 aedem
1301 1347 1454 1425 Apollinis

122 1451 306 1532 Palatinam..
347 1451 475 1511 Carmen
497 1453 546 1528 qai
573 1453 659 1529 legit,
687 1454 773 1525 deos,
802 1455 853 1529 qui
882 1472 935 1528 pro
957 1452 1088 1511 Romula
1114 1460 1200 1529 gente
1222 1452 1401 1509 invocantur
1423 1451 1452 1507 in

123 1555 218 1613 medio
242 1573 288 1626 eo,
310 1557 468 1630 quominus
491 1556 600 1614 babeat
621 1574 676 1631 pro
692 1556 834 1630 Apolline
856 1564 885 1614 et
898 1555 1009 1627 Diana,
1032 1555 1082 1630 qui
1105 1554 1241 1631 proxime
1263 1553 1454 1628 praecedunt,

123 1657 261 1715 obstabat
270 1667 349 1715 certe
361 1657 441 1733 apud
457 1658 597 1716 lectorem
611 1658 736 1734 peritum
749 1655 917 1736 proprietas
927 1658 1125 1729 victimarum3
1142 1667 1298 1734 praetcrea
1309 1656 1359 1731 qui
1371 1655 1454 1713 audi·

125 1770 227 1819 verunt
243 1767 405 1834 cantatum,
427 1761 548 1836 quinam
563 1772 666 1820 essent
686 1761 732 1819 issi
755 1762 837 1820 nullo
853 1761 941 1819 modo
957 1761 1093 1819 dubitare
1114 1768 1262 1837 poterant,
1284 1758 1372 1816 modo
1395 1767 1455 1815 stc·

123 1871 187 1921 tuas
202 1864 260 1922 bos
277 1880 381 1921 versus
396 1871 533 1922 cantatos
549 1881 617 1923 esse
637 1865 667 1921 in
683 1873 845 1939 conspectu
861 1864 944 1923 aedis
959 1863 1040 1922 Iovis
1056 1872 1086 1921 et
1100 1862 1224 1921 Iunonis
1247 1862 1277 1919 in
1294 1858 1454 1936 Capitolio.

204 1966 365 2024 Amatores
385 1970 416 2024 in
434 1968 540 2040 sunere
560 1985 662 2025 canere
684 1965 806 2042 [solitos]
830 1966 867 2025 ad
882 1966 1082 2025 caerimonias
1098 1983 1200 2023 sacras
1222 1964 1372 2022 adhibitos
1387 1982 1455 2023 esse

122 2076 189 2126 acta
210 2068 375 2127 ostendunt
395 2089 423 2126 v.
441 2067 490 2127 88.
525 2068 737 2146 significantur
758 2069 933 2141 cornicines,
957 2069 1069 2127 scilicet
1089 2066 1248 2143 collegium
1271 2065 1455 2144 appellatum

122 2171 151 2229 iu
173 2170 270 2229 titulis
292 2171 415 2229 urbanis
439 2172 527 2230 modo
547 2172 684 2230 dinanum
699 2165 881 2242 cornicinum,
906 2171 994 2230 modo
1008 2168 1237 2245 ammantat),
1261 2169 1373 2228 diversi
1394 2188 1456 2227 om-

121 2274 191 2331 nino
214 2292 235 2331 a
255 2273 428 2332 tibicinibus
455 2284 486 2331 et
510 2273 693 2347 fidicinibus‚
723 2293 901 2351 quamquam
929 2276 1033 2332 horum
1056 2292 1175 2350 quoqne
1202 2273 1233 2331 in
1255 2272 1339 2330 hisce
1361 2273 1455 2330 sacris

122 2385 223 2451 partes
245 2376 366 2453 aliquae
388 2376 515 2449 fuerunt,
538 2395 604 2435 cnm
626 2396 762 2437 nummus
778 2376 944 2437 Domitiani
965 2384 1113 2452 proponat
1134 2377 1343 2452 imperatorem
1365 2375 1457 2443 sacri·

121 2479 262 2537 licentem
284 2479 475 2537 adstantibus
497 2479 619 2538 tibicine
641 2488 670 2538 et
692 2479 871 2540 citharoedo.
920 2480 1099 2555 Plerumque
1121 2478 1167 2537 illi
1194 2478 1265 2537 dicti
1293 2486 1457 2537 amentorea

123 2581 165 2639 sic
187 2591 220 2639 ut
242 2581 274 2638 in
297 2581 372 2640 actis
394 2590 543 2641 amatores
566 2583 656 2641 etiam
679 2582 749 2641 alibi
771 2581 1012 2660 appellanturl).

580 2805 750 2865 NVMINA
776 2804 1020 2866 invocare:
1115 2750 1120 2763 ·

206 2961 303 3023 Sacra
325 2964 493 3023 saecularia
512 2965 652 3042 Augusti,
675 2976 708 3023 ut
728 2965 844 3041 reliqua
864 2965 927 3023 fere
950 2964 988 3023 ad
1011 2961 1145 3041 Sibyllae
1167 2966 1251 3023 iussa
1272 2965 1407 3024 instituta
1428 2974 1458 3023 et

121 3074 303 3143 propagata,
326 3064 444 3126 Graeco
466 3067 524 3125 ritu
547 3067 611 3126 fieri
634 3067 744 3126 diserte
766 3068 937 3126 enuntiatur
951 3087 978 3125 v.
997 3067 1033 3124 91
1058 3052 1089 3124 in
1110 3066 1177 3142 ipso
1199 3085 1351 3126 sacrorum
1374 3087 1459 3126 enar·

122 3169 252 3228 rationis
278 3168 418 3240 exordio,
447 3169 495 3228 nbi
522 3169 603 3245 quod
632 3177 680 3228 est
702 3170 812 3229 Achiuo
841 3169 938 3245 rita⁴)
968 3170 1107 3228 convenit
1132 3189 1199 3228 cum
1221 3170 1330 3228 verbis·
1347 3169 1459 3229 oraculi

201 3421 226 3483 ¹)
255 3422 289 3472 In
309 3423 374 3472 actis
391 3421 528 3472 Arvalium
547 3421 594 3471 bos
612 3422 685 3472 albus
704 3423 768 3472 nulli
788 3423 887 3473 numini
905 3422 1053 3473 immolatur
1071 3423 1122 3473 nisi
1140 3422 1199 3472 Iovi
1218 3429 1244 3472 et
1262 3423 1296 3471 ad
1314 3422 1460 3487 exemplum

121 3512 193 3564 Iovis
212 3515 291 3564 cultis
310 3514 377 3564 divis
395 3514 603 3579 imperatoribus.
643 3516 713 3568 Saus
732 3516 795 3565 alibi
814 3516 933 3580 exempla
953 3531 1005 3565 non
1024 3516 1117 3566 desunt
1134 3515 1212 3565 boum
1235 3515 1381 3588 numinibus
1401 3516 1460 3565 aliis

122 3608 327 3660 inmolatorum.
1280 3604 1283 3613 '

200 3697 226 3761 ²)
255 3700 306 3764 lagi
325 3702 358 3750 de
376 3714 407 3750 ao
427 3700 536 3765 collegio
556 3701 589 3750 ad
608 3701 762 3753 Servianum
781 3702 922 3752 exercitum
940 3701 1084 3767 pertinente
1104 3698 1264 3751 Staatereebt
1283 3701 1308 3763 3,
1329 3701 1392 3762 288,
1416 3701 1460 3750 nbi

124 3792 234 3843 collecta
252 3793 370 3842 invenies
390 3807 455 3857 quae
475 3793 507 3842 de
526 3808 558 3842 eo
577 3794 719 3844 traduntur.
751 3794 866 3844 Henzeui
886 3794 1003 3858 opinatio
1027 3800 1184 3844 aeneatorum
1203 3793 1335 3859 aetiopiam
1361 3792 1459 3854 (CVI,

124 3886 227 3945 total)
249 3885 420 3935 derivandum
434 3899 489 3935 csse
508 3901 562 3936 non
575 3885 607 3935 ab
620 3885 807 3949 aeneatoribus,
828 3887 873 3936 sed
887 3887 919 3936 ab
934 3888 1048 3937 sensatis
1068 3894 1094 3935 et
1112 3887 1249 3951 significari
1270 3886 1388 3936 homiues
1406 3885 1459 3934 irn-

124 3979 203 4028 meuti
222 3977 323 4044 publici
342 3978 486 4044 accipiendi
503 3993 582 4029 causa
600 3979 627 4028 in
641 3993 700 4029 aere
718 3979 813 4030 incisos
828 3993 982 4045 quamquam
1002 3994 1085 4044 nuper
1103 3979 1253 4028 resuscitata
1272 3978 1304 4027 ab
1318 3977 1460 4027 Hirschfel-

123 4069 167 4118 dio
186 4077 279 4121 nostro
304 4068 365 4133 (act.
388 4072 450 4122 min.
475 4072 547 4122 acad.
575 4071 662 4121 Borol.
683 4074 752 4123 1891
774 4089 800 4138 p.
815 4071 877 4133 853)
902 4072 1060 4137 probataque
1087 4072 1166 4121 etiam
1190 4071 1321 4120 Huelseno
1344 4067 1460 4132 (Bellen.

122 4164 241 4230 manimp.
262 4162 335 4214 Rom.
358 4165 426 4214 1891
447 4180 473 4229 p.
488 4164 552 4225 351)
574 4170 599 4213 et
617 4165 720 4230 linguae
739 4165 869 4215 contrariu
887 4171 925 4214 est
944 4172 970 4214 et
989 4178 1073 4213 rernm
1094 4164 1208 4213 notitiae.
1245 4163 1314 4213 Nam
1333 4163 1412 4211 bomo
1432 4164 1461 4211 in

124 4269 183 4305 aare
203 4256 303 4306 incisus
322 4272 375 4306 non
394 4257 476 4321 magis
494 4265 616 4307 aeneatns
636 4257 686 4307 dial
706 4265 790 4322 potest
809 4273 885 4323 qnam
905 4258 948 4321 qni
971 4257 997 4306 in
1017 4257 1103 4322 lapide
1126 4271 1285 4306 marmoroso
1305 4256 1401 4305 incisus
1421 4261 1461 4303 est

122 4347 256 4413 lapidatus
276 4349 318 4398 vel
338 4355 516 4400 marmoratas.
559 4350 662 4401 Deinde
681 4366 738 4400 cnm
758 4352 784 4400 in
804 4350 878 4399 titulo
898 4349 987 4411 CVI,
1009 4350 1098 4398 10220
1123 4348 1264 4399 habeamus
1283 4362 1390 4413 puerum
1416 4348 1461 4412 qui

123 4441 261 4506 reliquerit
285 4438 400 4505 trrIba]m
423 4442 555 4509 inpensam
572 4441 724 4505 frumentum
748 4439 904 4508 [patiacum
927 4448 951 4490 et
975 4448 1133 4491 aeneatorum
1161 4439 1341 4507 [oolkqiuml]‚
1373 4447 1460 4505 aperta

124 4534 175 4585 hoc
194 4535 366 4600 distinguitur
384 4549 400 4584 a
418 4535 548 4584 frumento
562 4535 665 4598 publico
688 4534 730 4596 (ci.
741 4536 789 4597 VI,
805 4536 892 4585 2584:
905 4533 1032 4599 frumento
1045 4532 1163 4601 publico,
1185 4533 1292 4600 callepio
1311 4531 1459 4594 tibicinam),

124 4641 238 4689 quocum
257 4627 287 4676 id
305 4627 376 4677 idem
396 4642 451 4677 esse
470 4627 603 4677 contendit
615 4628 761 4689 Hennenus,
781 4627 970 4692 efficiemusque
988 4627 1049 4677 inde
1066 4627 1177 4677 liticines
1196 4626 1338 4677 cornicines
1353 4625 1461 4690 publicis

125 4719 311 4770 emolumentis
330 4719 448 4770 similiter
465 4734 525 4770 usos
542 4733 598 4770 esse
616 4726 692 4785 atqua
711 4719 825 4783 plebeios
844 4719 878 4769 ud
896 4719 1052 4769 frumentum
1068 4719 1198 4784 publicum
1211 4719 1345 4781 admissos,
1365 4731 1461 4783 nequa-

127 4826 204 4875 quam
225 4811 276 4862 bos
296 4812 379 4862 dictos
397 4811 477 4862 fuisse
495 4819 625 4862 sensatos.

201 4901 228 4966 ⁸)
258 4904 340 4969 Apud
364 4905 532 4955 Ammiannm
557 4905 605 4966 18,
634 4905 680 4966 12,
705 4904 740 4955 36
766 4911 792 4953 et
814 4904 954 4954 secundnm
979 4905 1059 4954 libros
1083 4905 1191 4969 scriptos
1222 4902 1296 4967 (teste
1320 4901 1460 4964 Huelseno)

125 4997 194 5060 apud
213 4997 324 5048 Festum
343 5011 383 5061 ep.
403 4998 479 5062 pao
498 5004 524 5047 et
542 4997 610 5062 apud
629 4996 754 5049 Senecam
774 4997 935 5062 apocol.12‚
963 4995 1006 5046 ubi
1031 4997 1114 5047 codex
1135 5003 1287 5058 senatorum,
1311 5003 1337 5045 et
1360 4996 1460 5061 epistol.

128 5090 171 5151 84,
188 5092 233 5151 10,
254 5089 300 5138 nbi
319 5089 378 5138 libri
396 5086 566 5139 aenmoribaa.
604 5089 724 5139 Editores
742 5088 853 5139 formam
872 5090 993 5140 traditum
1012 5090 1233 5140 oblitteraverunt.

204 5178 232 5243 4)
263 5182 332 5231 Aeta
351 5195 452 5246 qnoque
472 5182 614 5234 Severiana
631 5180 728 5231 habent
746 5182 778 5232 ir.
792 5179 891 5232 vmc
911 5182 975 5232 baec
995 5182 1073 5234 verba
1092 5183 1193 5234 mutila:
1219 5180 1341 5247 [I]unam'
1358 5181 1461 5247 rapinae

127 5288 235 5325 uaccam
256 5269 362 5335 amun
383 5271 480 5324 Graeco
499 5271 597 5325 Audebo
615 5270 700 5339 rit[a].

169 5383 365 5443 Eennuanrs
386 5398 490 5442 aaran.
513 5398 584 5443 von.
600 5381 686 5443 VIll.
1200 5384 1235 5445 17
