3816 5912
395 504 469 574 254

392 713 422 770 p.
440 698 493 772 31)
515 687 590 776 ὕδωρ
610 687 786 755 στεινότατον
801 697 838 756 de
852 697 972 756 Tiberis
994 706 1079 772 parte
1094 696 1308 774 augustissima
1329 695 1511 771 interpretati
1531 702 1616 754 sunt:
1638 703 1718 752 recte

394 798 433 871 hi,
457 806 490 856 ut
510 798 667 859 edocemur
680 800 767 860 novis
788 801 836 860 his
858 801 997 859 inventis.
1030 799 1162 860 Tiberim
1177 800 1265 871 euim,
1287 808 1435 875 quatenus
1451 798 1570 874 quidem
1593 816 1653 856 uno
1667 797 1717 855 de-

394 901 459 960 fluit
479 902 575 974 alveo,
596 904 838 980 angustissimum
859 904 954 963 luisse
975 904 1052 962 inter
1075 901 1106 964 S.
1122 903 1264 962 Iohannis
1282 902 1522 961 Florentinorum
1545 910 1576 959 et
1596 908 1719 977 pontem

393 1003 611 1064 Ianiculenseur
632 1018 692 1064 tam
715 1016 833 1065 nostrae
854 1008 961 1065 aetatis
977 1025 1066 1081 quam
1081 1007 1268 1082 superiorum
1285 1005 1470 1064 saeculorum
1492 1005 1604 1063 formas
1626 1000 1718 1080 inspi-

394 1108 482 1167 cienti
509 1116 600 1184 patet.
645 1105 724 1182 Quid
746 1110 824 1186 quod
847 1129 905 1167 non
933 1110 1021 1189 louge
1044 1111 1080 1169 ab
1103 1130 1139 1168 eo
1162 1110 1241 1180 loco,
1270 1109 1319 1167 ubi
1346 1109 1512 1186 fragmenta
1533 1114 1665 1165 actorum
1686 1106 1720 1163 in

395 1228 471 1286 opus
493 1211 629 1271 coniecta
650 1222 846 1283 emerserunt,
874 1214 903 1271 in
928 1212 1029 1290 platea
1051 1213 1167 1272 scilicet
1188 1211 1219 1273 S.
1236 1212 1351 1272 Mariae
1371 1212 1400 1270 in
1416 1210 1589 1279 vallicella,
1616 1208 1720 1286 paucis

395 1313 502 1372 abhinc
524 1314 610 1373 annis
636 1323 770 1391 repertae
792 1327 863 1374 suut
887 1315 1030 1392 reliquiae
1053 1334 1123 1373 arae
1145 1315 1272 1393 ingentis
1299 1322 1328 1372 et
1350 1314 1453 1390 optimi
1476 1312 1593 1372 artificii
1619 1310 1733 1387 (Gatti

395 1415 475 1473 Ball.
492 1434 598 1474 cornua.
617 1415 694 1475 1887
717 1436 746 1492 p.
764 1416 832 1475 276.
850 1415 922 1489 2773
946 1417 1079 1476 Huelseu
1096 1417 1312 1492 Mittbcilunpaa
1334 1418 1383 1475 des
1405 1417 1474 1474 reim.
1490 1416 1621 1473 Instituta
1639 1413 1718 1472 1889

395 1538 424 1596 p.
442 1517 530 1593 263),
556 1536 645 1595 quam
668 1520 761 1578 saeris
786 1520 833 1578 bis
856 1520 1034 1579 destinatam
1056 1520 1147 1578 inisse
1175 1520 1261 1578 188118
1288 1519 1444 1595 suspicias.
1491 1516 1551 1578 Sed
1573 1517 1722 1574 eadere

396 1640 466 1678 mox
488 1621 626 1679 uberiora
647 1622 835 1680 edocebimur
854 1624 950 1681 aviro
965 1622 1119 1682 Romanae
1142 1622 1356 1700 topographiae
1378 1639 1468 1697 supra
1487 1631 1604 1679 ceteros
1626 1620 1723 1697 perito

395 1722 527 1781 Rodulio
548 1721 723 1783 Lanciauio.

479 1823 701 1885 Lustrationem
727 1826 850 1886 Tarenti
882 1837 953 1903 post
980 1828 1151 1886 suffimenta
1179 1827 1248 1885 data
1274 1837 1305 1886 et
1337 1827 1436 1903 fruges
1468 1832 1621 1902 acceptas,
1653 1834 1724 1882 aute

397 1928 465 2006 ipsa
486 1946 572 1987 sacra
593 1939 761 1987 enarratam
783 1930 813 1987 iu
835 1930 911 1988 actis
934 1928 1106 1990 Severianis
1128 1930 1265 2008 Augusta
1285 1948 1345 1987 nou
1368 1929 1504 1987 videntur
1525 1928 1675 1986 habuisse.

481 2028 573 2089 Sacra
595 2031 701 2090 diurna
723 2044 782 2090 taur
804 2033 901 2108 prima
922 2032 987 2090 Iovi
1008 2051 1097 2107 quam
1120 2031 1249 2091 secunda
1270 2032 1377 2090 Iunoni
1399 2031 1501 2091 oblata
1522 2033 1598 2089 fiunt
1618 2027 1723 2088 1808-

397 2133 502 2211 pitolio
525 2132 568 2208 (v.
588 2134 633 2192 18.
652 2134 699 2192 79.
717 2135 765 2193 81.
786 2135 852 2192 103.
871 2134 953 2210 119),
977 2135 1090 2193 scilicet
1112 2134 1150 2191 ad
1173 2134 1275 2192 aedem
1298 2134 1379 2191 lovis
1401 2134 1505 2210 optimi
1529 2132 1648 2192 maximi
1672 2132 1722 2189 Iu·

398 2236 467 2293 noni
491 2254 607 2312 quoque
629 2236 802 2296 dedicatam.
840 2238 939 2314 Prope
961 2256 1026 2295 eam
1049 2237 1087 2294 ad
1109 2237 1213 2296 aedem
1236 2234 1312 2313 Opis
1334 2237 1363 2293 in
1387 2234 1579 2312 Capitoliol)
1601 2253 1725 2312 cougre-

398 2350 506 2416 gantur
531 2343 687 2415 separatim
708 2361 728 2399 a
749 2344 845 2399 ceteris
873 2351 1027 2398 matronae
1054 2341 1196 2417 puerique
1224 2340 1255 2395 iu
1285 2340 1377 2397 sacris
1405 2338 1548 2397 faciendis
1578 2336 1724 2413 occupati.

400 2438 487 2514 Quod
514 2442 552 2499 ad
574 2461 660 2500 sacra
680 2442 834 2519 utriusque
856 2443 916 2500 diei
940 2440 971 2500 in
997 2442 1056 2500 fine
1083 2441 1264 2518 adscriptum
1292 2452 1338 2500 est
1360 2459 1386 2499 v.
1405 2441 1473 2499 107.
1497 2439 1555 2498 132
1584 2442 1625 2499 od
1650 2439 1726 2497 otal-

400 2544 458 2602 lom
471 2546 593 2620 fueraut
613 2545 803 2621 sequentibus
826 2534 995 2602 numinibus
1011 2545 1139 2602 virorum
1162 2543 1374 2621 praesentium,
1398 2544 1425 2601 ei
1439 2544 1471 2601 in
1486 2543 1578 2601 sacris
1594 2542 1652 2601 diei
1668 2552 1727 2600 ter·

399 2645 433 2704 tii
455 2645 601 2705 Palatinis
623 2667 651 2705 v.
669 2645 727 2704 150
755 2647 915 2722 respondet
941 2646 1113 2705 subnotatio
1139 2646 1224 2705 haee:
1253 2645 1403 2722 XVuir(i)
1433 2648 1603 2722 adfirmat,
1631 2663 1727 2721 neque

400 2747 520 2806 dubium
534 2759 582 2808 est
601 2748 699 2807 locum
721 2749 884 2825 significari
906 2749 1087 2808 adstantium
1109 2749 1146 2807 ad
1162 2768 1246 2807 sacra
1267 2748 1321 2805 illa
1336 2746 1508 2825 Capitolina
1530 2747 1727 2806 sacerdotum.

400 2848 501 2927 Ipsum
524 2850 699 2909 vocabulum
720 2851 792 2927 quid
814 2850 996 2928 significaret
1017 2872 1082 2910 cum
1109 2852 1221 2910 frustra
1248 2850 1483 2927 quaesivissem,
1512 2851 1729 2908 admonuerunt

400 2971 452 3028 per
473 2952 590 3012 litteras
605 2962 635 3011 et
648 2953 815 3013 Buecheler
836 2964 865 3012 et
880 2954 1103 3032 Zaugemeister
1118 2954 1256 3012 vocabuli
1275 2955 1306 3012 in
1322 2974 1353 3011 re
1377 2971 1464 3012 sacra
1479 2952 1559 3030 apud
1574 2953 1730 3011 Romanos

399 3055 563 3131 antiquitus
586 3056 721 3134 usurpati
743 3057 824 3133 quod
846 3055 1050 3133 8818111881),
1079 3076 1176 3133 aquo
1199 3057 1292 3116 atalia
1314 3057 1481 3115 derivatum
1504 3056 1543 3113 sit
1565 3067 1597 3113 ut
1619 3055 1729 3114 corolla

401 3176 559 3231 anatona,
576 3159 695 3232 femella
716 3179 735 3217 a
755 3158 874 3217 semina.
918 3157 1109 3235 Significatur
1132 3178 1167 3216 eo
1190 3159 1342 3217 vasculum
1367 3158 1515 3236 quoddam
1537 3156 1568 3216 iu
1591 3178 1622 3215 re
1644 3176 1732 3216 sacra

402 3270 575 3337 usurpatum
599 3262 767 3337 poteritque
788 3279 847 3318 non
870 3261 933 3318 sine
955 3262 1164 3337 probabilitate
1188 3262 1282 3319 conici
1306 3263 1343 3318 ab
1365 3282 1400 3319 eo
1416 3261 1512 3320 locum
1529 3260 1677 3336 quendam
1699 3262 1730 3316 in

400 3359 481 3419 lovis
503 3363 575 3421 aede
598 3381 705 3421 nomen
727 3364 865 3421 traxisse.
889 3364 1050 3422 —Tertio
1072 3364 1120 3422 die
1142 3383 1206 3421 cum
1230 3381 1316 3422 sacra
1329 3364 1402 3421 fiant
1417 3364 1446 3421 in
1462 3362 1583 3420 Palatio
1598 3361 1641 3436 (v.
1657 3360 1730 3435 139)

401 3463 439 3520 ad
460 3465 562 3524 aedem
580 3465 738 3540 Apollinis,
761 3483 797 3522 ea
812 3484 930 3541 quoque
951 3467 982 3523 in
998 3465 1177 3542 Capitolium
1193 3465 1381 3542 aliquatenus
1398 3462 1730 3543 perveniunt(v.148),

402 3583 464 3642 qua
484 3567 554 3627 dere
576 3568 655 3626 infra
676 3567 799 3625 dicetur.

485 3669 627 3729 Adfuisse
649 3670 817 3729 sacerdotes
839 3671 969 3748 reliquos
992 3672 1230 3730 sacrificantibus
1247 3671 1369 3748 collegis
1392 3671 1571 3730 adscribitur
1586 3671 1623 3728 ad
1647 3687 1734 3727 sacra

402 3780 488 3830 terna
510 3772 624 3830 diurna.
668 3772 704 3830 In
727 3774 821 3831 sacris
849 3774 939 3831 ternis
966 3776 1118 3833 nocturnis
1140 3774 1293 3832 adnotatio
1320 3775 1521 3848 praesentium
1543 3774 1731 3831 sacerdotum

403 3874 528 3932 aliorum
551 3874 657 3933 similis
679 3874 760 3933 nulla
781 3875 934 3950 reperitur,
962 3895 1142 3952 quamquam
1166 3878 1302 3952 Augusto
1331 3876 1361 3933 in
1388 3876 1434 3933 his
1456 3892 1575 3951 quoque
1598 3874 1732 3933 adfuisse

402 3976 535 4054 collegas
562 3985 592 4035 et
618 3997 671 4054 per
698 3995 731 4035 se
758 3977 912 4053 probabile
938 3991 983 4036 est
1009 3987 1039 4037 et
1065 3986 1191 4037 testatur
1218 3977 1356 4036 Zosimus
1384 3972 1472 4052 (μεττέ
1500 3977 1553 4034 τῶν
1579 3967 1733 4035 δεκαπέντε

403 4072 535 4163 avaut).

405 4256 608 4265 .-----.

481 4386 504 4448 ι)
533 4386 689 4437 conferatur
708 4388 740 4438 de
760 4403 790 4437 ea
810 4389 907 4439 Iordau
925 4386 1034 4454 Topopr.
1053 4393 1075 4450 l,
1097 4389 1121 4450 2,
1142 4389 1185 4438 43.
1218 4388 1326 4439 Arvales
1346 4390 1371 4439 d.
1392 4390 1408 4439 9
1429 4388 1492 4440 Dec.
1508 4391 1543 4438 80
1561 4389 1588 4437 ia
1605 4385 1731 4456 Capitolio

403 4480 431 4529 t'a
452 4478 537 4529 aedem
558 4477 620 4546 Opia
638 4485 810 4529 convenerant.

481 4570 506 4634 ²)
534 4572 653 4636 Nigidius
672 4572 740 4638 apud
759 4573 876 4622 Nonium
896 4590 921 4637 p.
935 4576 983 4623 40:
1008 4589 1038 4621 ex
1060 4588 1087 4621 re
1111 4572 1138 4621 iu
1161 4571 1300 4623 saliaribus
1320 4563 1434 4623 ‘ananias
1458 4572 1577 4635 (oritanus
1595 4572 1665 4633 libri)
1685 4574 1734 4621 tiu·

405 4657 504 4725 finnat',
529 4662 613 4713 idest
631 4671 711 4714 sonat.
749 4664 840 4714 Festus
860 4680 899 4728 ep.
920 4667 1006 4728 p.18:
1032 4663 1177 4714 athanatum
1196 4665 1366 4727 (ntltnauuium
1385 4667 1454 4727 libri)
1479 4674 1515 4716 cat
1535 4665 1624 4733 pocati
1641 4663 1735 4731 fictilis

405 4772 491 4823 penus,
513 4773 559 4823 quo
573 4756 748 4823 1818881ὴῖ888
760 4754 892 4806 utebantur
905 4756 1047 4807 sacedotes
1059 4756 1173 4807 Romani.
1204 4758 1312 4810 Gloaaae
1325 4760 1528 4810 Philoxenianae
1548 4775 1573 4823 p.
1589 4760 1622 4808 22
1637 4757 1733 4810 Goetz:

405 4856 480 4901 aretia
499 4841 565 4906 sibor
582 4844 701 4915 ποτηρίου
715 4834 848 4916 ὀστράκου,
871 4836 888 4912 ᾧ
909 4846 933 4898 ol
951 4838 1078 4918 τρυτάνης
1097 4846 1122 4898 iu
1135 4852 1190 4907 ταῖς
1211 4845 1315 4907 &urica
1333 4849 1446 4921 χρῶνται
1464 4860 1490 4902 81
1504 4868 1579 4903 mox:
1599 4849 1735 4902 8111888188

406 4941 551 5003 (otuuaulas
569 4941 644 5003 liber)
665 4926 735 5008 ἶιγιον
755 4938 825 5009 ipiuc
842 4939 937 5005 σκεῦος,
958 4940 1093 5010 καμήλων.
1132 4942 1296 4993 Descendere
1316 4944 1416 4994 videtur
1435 4961 1451 4994 a
1470 4944 1571 4996 Graeco
1591 4947 1662 4995 cuius
1681 4958 1734 4993 mo·

405 5036 481 5087 minit
498 5034 653 5100 Hesychius:
680 5022 770 5082 ἆττανα
792 5020 823 5081 tri
846 5031 937 5101 τήγανα
962 5035 1010 5097 (=
1031 5035 1147 5101 sartago)
1172 5032 1213 5084 rel
1236 5027 1380 5092 81881ςὸ
1399 5027 1530 5085 la'urice'iv
1552 5023 1733 5104 σκτυιζόμινος.

407 5128 514 5179 Glossae
534 5126 594 5177 illae
613 5128 663 5178 nisi
683 5128 784 5190 fallunt,
805 5134 830 5176 81
849 5134 928 5177 atauo
948 5136 972 5177 et
992 5135 1083 5177 uluaua
1101 5136 1127 5178 et
1146 5136 1246 5178 uterium
1263 5129 1326 5178 olim
1343 5131 1370 5179 iu
1384 5145 1430 5179 usu
1448 5128 1550 5179 fuerunt
1566 5129 1677 5194 itemque
1689 5129 1733 5178 do·

407 5222 532 5272 minutiva
551 5228 602 5270 tam
622 5220 698 5270 utull·
718 5235 794 5285 quam
814 5221 922 5283 marat,
941 5228 969 5270 ut
988 5223 1083 5286 pariter
1102 5224 1227 5286 reperitur
1245 5229 1270 5270 et
1289 5221 1392 5272 ruallus
1411 5229 1437 5271 et
1456 5222 1589 5272 obtinatus.
