3798 5910
467 489 540 560 996
1079 504 1177 554 acra

465 682 588 739 alterum
611 681 647 738 de
662 678 828 755 Cyzicenis,
851 679 960 754 quippe
981 678 1011 735 in
1033 695 1094 753 quo
1116 689 1183 754 post
1205 678 1297 734 test'es
1320 684 1471 751 pergatur:
1494 678 1629 732 centenam
1651 676 1731 731 dicta
1752 673 1788 729 ab

468 786 563 859 Appio
582 780 670 840 Gallo
685 800 741 838 cos.
758 782 826 849 dea,
848 798 936 855 quam
953 779 1114 837 verisimile
1134 788 1181 837 est
1201 777 1282 853 (nam
1306 777 1459 853 sequentia
1480 776 1700 850 desiderantur)
1724 794 1788 849 per·
1875 766 1876 771 ἵ

465 886 605 959 scriptam
632 882 726 941 luisse
750 883 847 939 verbis
874 881 1007 953 directis,
1034 881 1112 939 sicut
1137 880 1300 958 perscripta
1325 889 1404 936 certe
1430 889 1478 937 est
1501 880 1530 935 in
1553 878 1704 935 Italicensi
1728 897 1786 934 non

466 987 583 1043 habenti
607 986 661 1042 nisi
685 1000 797 1060 partem
822 984 993 1041 sententiae.
1031 980 1132 1041 Solam
1155 983 1340 1052 sententiam,
1363 1000 1429 1038 eam
1449 981 1570 1051 scilicet,
1593 998 1682 1055 quam
1703 999 1788 1036 sena·

466 1099 513 1145 tus
540 1098 656 1144 secutus
678 1098 731 1149 est,
753 1086 855 1144 relerri
879 1085 947 1143 inde
967 1086 1168 1145 confirmatur.
1191 1083 1272 1159 quod
1294 1085 1423 1140 interae
1445 1081 1626 1156 respondent
1647 1082 1704 1139 loci
1727 1082 1787 1137 duc

465 1190 501 1245 de
520 1190 601 1246 seriis
621 1187 776 1245 servandis
796 1187 1027 1263 nominibusque
1046 1205 1163 1244 reorum
1181 1185 1348 1255 abolendis,
1371 1184 1452 1259 prior
1470 1184 1495 1253 1,
1512 1182 1559 1241 99.
1576 1184 1616 1241 30
1636 1186 1787 1260 pertinens

465 1293 500 1347 ad
523 1309 680 1347 causarum
702 1290 921 1364 expositionem
945 1288 1021 1362 (cam
1043 1306 1088 1347 rea
1109 1293 1151 1345 ito
1171 1307 1202 1345 ae
1223 1287 1366 1361 habeam),
1387 1287 1535 1362 posterior
1555 1286 1579 1353 1,
1595 1285 1726 1342 44—46
1747 1286 1785 1341 ad

465 1392 574 1448 decreti
599 1391 826 1466 postulationem
849 1390 891 1466 (r.
904 1390 942 1448 4‘1
957 1390 1080 1464 omum),
1101 1409 1228 1465 quorum
1251 1409 1315 1448 cum
1338 1389 1421 1464 prior
1443 1390 1472 1446 in
1491 1388 1604 1464 primae
1624 1389 1787 1444 sententiae

466 1494 610 1569 principio
639 1495 753 1567 positus
780 1495 833 1564 sit,
860 1493 1006 1550 secundus
1029 1502 1192 1552 extremum
1215 1492 1275 1549 fere
1297 1491 1394 1548 locum
1416 1491 1446 1548 in
1473 1491 1575 1549 eadem
1598 1500 1711 1551 teneat,
1736 1488 1786 1545 ad-

466 1597 564 1651 sensui
589 1608 753 1652 ceterorum
776 1595 957 1652 enuntiando
979 1596 1063 1654 locus
1085 1594 1183 1654 nullus
1205 1602 1346 1652 remanet.

548 1694 693 1773 Collegiis
716 1696 903 1755 sacerdotum
926 1698 974 1755 ius
995 1697 1091 1756 fuisse
1114 1694 1267 1754 nuntiandi
1289 1696 1320 1754 in
1336 1705 1440 1753 senatu
1455 1706 1484 1751 et
1499 1693 1590 1752 verba
1605 1694 1644 1750 ibi
1660 1694 1787 1752 faciendi

466 1799 536 1855 alibi
559 1800 687 1874 exposui
709 1797 900 1874 (Stoutsreclrt
922 1800 951 1868 3,
971 1799 1055 1863 959).
1098 1798 1226 1857 Faciunt
1247 1796 1277 1854 id
1300 1806 1413 1855 stantes
1435 1806 1504 1854 anta
1525 1795 1676 1854 consulem
1705 1794 1737 1870 (l.
1758 1813 1786 1852 c

466 1902 496 1970 3,
512 1901 572 1956 960
593 1919 622 1957 ιι.
638 1898 681 1975 9).

549 1999 731 2076 Calpurnius
753 2002 917 2073 Maximus,
942 2021 1029 2080 quem
1052 2010 1177 2077 apparet
1198 2002 1324 2076 primum
1348 2000 1522 2059 sententiam
1544 2000 1672 2066 dixisse,
1701 2019 1788 2075 prae·

466 2116 546 2161 terea
567 2105 674 2179 opinor
695 2105 815 2180 ignotus
837 2122 896 2179 quo
918 2106 982 2162 iure
1003 2104 1033 2162 id
1055 2103 1166 2176 lecerit,
1192 2122 1230 2162 ex
1252 2104 1289 2161 iis
1312 2123 1388 2180 quae
1410 2104 1551 2161 habemus
1575 2120 1632 2159 non
1654 2113 1787 2178 apparet

468 2206 637 2264 Verisimile
663 2216 710 2263 est
734 2224 771 2263 ea
796 2215 894 2264 aetate
922 2225 959 2265 ex
985 2207 1191 2264 consularibus
1220 2224 1286 2263 eum
1318 2206 1441 2282 primam
1469 2205 1644 2263 sententiam
1672 2204 1788 2262 dixisse

466 2327 552 2384 quem
568 2308 683 2366 consuli
708 2307 888 2382 praesidenti
911 2309 1037 2384 primum
1052 2326 1159 2383 rogare
1180 2309 1342 2383 placuisset
1363 2305 1555 2381 (Smaurectt
1570 2308 1597 2373 3,
1613 2306 1700 2381 976),
1721 2307 1788 2363 lieri

468 2419 573 2485 potest,
595 2428 654 2485 quo
677 2410 757 2468 ducit
779 2419 899 2468 senatus
919 2409 1086 2468 consultum
1108 2411 1145 2468 de
1161 2408 1328 2486 Cyzicenis,
1351 2422 1382 2467 ut
1403 2410 1430 2466 is
1453 2410 1613 2466 secundum
1636 2409 1788 2484 uunquam

467 2511 705 2568 consuetudinem
731 2512 857 2588 primum
881 2512 993 2590 rogarit
1013 2513 1201 2588 potissimum
1223 2511 1374 2570 consulem
1396 2512 1524 2586 aliquem
1546 2511 1733 2585 designatum
1760 2521 1792 2566 et
1877 2574 1878 2583 χ

467 2615 521 2671 hac
543 2612 747 2689 designatione
768 2614 826 2671 iam
849 2614 1067 2691 quodammodo
1089 2624 1238 2688 receptum
1261 2616 1338 2672 inter
1359 2613 1543 2671 consulares.
1579 2610 1638 2671 Sed
1655 2621 1722 2689 post
1736 2631 1791 2669 no·
1877 2626 1878 2631 ’

468 2736 533 2773 men
556 2724 652 2772 utrum
667 2716 706 2773 'in
729 2715 827 2791 lapide
848 2715 938 2774 faerit
959 2736 985 2773 o.
1004 2733 1027 2774 o.
1050 2736 1087 2773 an
1109 2734 1165 2773 cos.
1189 2718 1259 2786 dea,
1281 2717 1443 2791 ignoratur.

549 2815 639 2894 Legit
666 2817 703 2873 de
732 2818 843 2893 scripto
870 2829 931 2875 tam
958 2817 985 2876 is
1014 2819 1064 2894 qui
1093 2818 1185 2875 verba
1211 2818 1282 2875 lacit
1310 2836 1397 2893 quam
1426 2817 1476 2892 qui
1506 2818 1679 2876 sententiam
1708 2818 1791 2874 dicia

468 2919 500 2976 ld
523 2937 701 2995 quamquam
723 2920 752 2976 in
775 2920 922 2977 sententia
942 2928 1022 2977 certe
1044 2939 1101 2977 non
1125 2938 1192 2976 raro
1215 2919 1308 2977 libera
1329 2921 1481 2977 etiamtum
1505 2939 1536 2977 re
1554 2919 1674 2995 publica
1691 2922 1792 2977 evenit

467 3020 660 3095 (Stactareclt
680 3022 709 3089 3,
726 3020 811 3095 980),
835 3021 890 3080 lrac
913 3029 1010 3079 aetate
1031 3020 1160 3080 fortasse
1182 3021 1345 3099 legitimum
1368 3023 1478 3079 factum
1501 3032 1548 3080 est
1567 3023 1666 3096 itaque
1689 3040 1791 3098 super·

468 3122 564 3181 sederi
587 3123 684 3199 potuit
705 3122 891 3198 aliquatenus
914 3141 1006 3198 opera
1026 3124 1218 3182 notariorum.

551 3222 738 3298 Quamquam
762 3224 884 3282 meliore
910 3234 1007 3283 aetate
1034 3225 1063 3281 ln
1091 3226 1174 3283 curia
1202 3225 1295 3283 sellae
1321 3226 1438 3285 curules
1465 3226 1621 3284 consulum
1650 3235 1680 3283 ut
1707 3226 1793 3301 ipsae

468 3345 560 3401 supra
581 3326 724 3384 subsellia
745 3327 923 3398 eminebant,
945 3328 988 3385 ita
1004 3328 1039 3385 in
1062 3327 1152 3402 plano
1171 3328 1309 3385 videntur
1330 3329 1494 3386 collocatae
1516 3329 1616 3399 fuisse,
1638 3339 1717 3386 certe
1741 3348 1793 3386 ne·

468 3447 524 3502 que
550 3427 620 3485 alibi
650 3445 745 3503 neque
772 3428 800 3486 in
829 3428 978 3486 narranda
997 3428 1088 3487 caede
1110 3426 1251 3488 Caesaris
1274 3430 1429 3488 dictatoris
1454 3429 1613 3489 tribunalis
1640 3432 1719 3488 iutra
1742 3450 1792 3488 cu·
1878 3498 1879 3507 χ

470 3530 541 3585 riam
565 3529 623 3587 ulla
645 3530 756 3587 mentio
778 3529 820 3599 fit,
847 3531 905 3588 iam
928 3550 966 3588 ex
987 3529 1071 3589 hisce
1093 3532 1166 3589 actis
1189 3532 1370 3609 intellegitur
1389 3542 1485 3590 aetate
1507 3532 1699 3608 imperatoria
1719 3550 1793 3590 con·

468 3631 563 3687 sulum
587 3631 677 3688 sellas
699 3631 775 3688 duas
797 3632 959 3691 collocatas
981 3633 1073 3692 luisse
1092 3635 1123 3691 iu
1142 3643 1285 3709 supposta,
1306 3633 1444 3711 idemque
1459 3652 1536 3692 nunc
1552 3634 1685 3693 videmus
1700 3636 1794 3710 signi-

469 3733 550 3790 ficari
574 3732 622 3789 ubi
645 3733 769 3792 Tacitus
790 3734 832 3792 ait
852 3753 922 3792 anu.
939 3733 987 3803 16,
1006 3734 1046 3792 30
1068 3753 1134 3793 reos
1155 3737 1277 3794 stetisse
1298 3747 1363 3795 ants
1385 3736 1511 3794 tribum
1531 3738 1691 3807 comatam
1714 3755 1793 3812 quae

470 3835 559 3891 rerba
580 3846 668 3893 antea
690 3854 749 3892 nou
772 3846 850 3895 recte
872 3837 1083 3912 interpretatus
1106 3855 1170 3896 sum
1193 3836 1385 3913 (Stcatsreobt
1405 3840 1435 3912 3,
1457 3837 1542 3913 939).
1583 3838 1699 3897 Eodem
1721 3839 1791 3897 item

468 3937 631 3995 referemus
653 3937 732 4012 quod
749 3935 859 3994 Florus
881 3936 965 4007 9,13
988 3938 1066 3997 inter
1087 3939 1216 3999 honores
1238 3941 1493 3999 extraordinarios
1507 3940 1631 4000 Caesari
1654 3941 1792 3999 dictatori
1877 3942 1879 3989 l

469 4038 595 4096 tributos
623 4049 783 4113 suppeterent
809 4043 839 4096 in
866 4043 947 4099 caria
973 4042 1122 4111 nominat3
1154 4062 1221 4101 nam
1250 4063 1427 4120 quamquam
1454 4043 1492 4102 de
1513 4042 1644 4103 Caesare
1670 4045 1792 4109 erravit,

469 4158 535 4199 cum
552 4139 713 4200 Suetonius
729 4138 817 4199 Caes.
831 4141 869 4198 76
893 4142 922 4198 iu
944 4142 1033 4201 simili
1055 4143 1121 4201 loco
1143 4147 1235 4202 aedem
1256 4149 1423 4204 aureamin
1446 4150 1528 4204 catria
1549 4147 1690 4216 nominet,
1712 4160 1792 4203 recte

468 4241 710 4300 consuetudinem
737 4242 846 4302 liberae
873 4244 916 4300 rei
942 4244 1080 4319 publicae
1106 4246 1245 4323 opposuit
1270 4248 1296 4304 ei
1322 4248 1449 4322 quaein
1471 4266 1526 4307 usu
1548 4248 1605 4306 fuit
1626 4250 1714 4306 aetati
1738 4250 1793 4305 im-

469 4342 627 4415 peratoria.
671 4342 780 4403 Gaium
802 4345 903 4420 itaque
924 4364 989 4403 cum
1011 4348 1201 4421 reprehendit
1224 4347 1283 4406 Dio
1298 4348 1349 4420 59,
1364 4348 1404 4407 96
1427 4361 1549 4427 propter
1569 4342 1654 4415 βῆμα
1674 4342 1794 4418 dulcedo

468 4442 495 4499 ἓν
516 4447 555 4520 rqi
574 4435 777 4527 Cauarumpt'rp,
797 4437 869 4503 ὥστε
888 4440 992 4515 μηδένα
1010 4444 1201 4528 ἐξικνεῖσθαι,
1223 4469 1281 4508 non
1304 4451 1431 4510 tribunal
1454 4453 1549 4528 ipsum
1571 4453 1597 4510 el
1619 4452 1794 4530 exprobrat,

469 4544 520 4603 sed
544 4547 700 4606 tribunalis
721 4547 916 4608 altitudinem.

552 4645 636 4720 Quae
664 4660 870 4724 proponuntur
893 4653 1011 4710 senatui
1038 4652 1236 4725 decernenda,
1264 4656 1411 4714 tralaticia
1438 4657 1538 4715 omnia
1565 4675 1634 4716 esse
1660 4658 1794 4716 ostendit

469 4750 650 4825 comparatio
672 4762 803 4810 actorum
819 4754 1030 4831 Augustorum,
1053 4772 1150 4831 neque
1164 4756 1259 4815 multa
1273 4759 1464 4834 suppeditant
1478 4759 1630 4819 notabilia.
1663 4759 1793 4818 Decerni

470 4852 654 4927 potissimum
677 4853 713 4911 de
736 4856 902 4932 sumptibus
924 4873 989 4914 cum
1012 4857 1148 4916 ludorum
1172 4858 1210 4931 (Ι,
1226 4858 1274 4917 93.
1292 4858 1346 4935 99)
1369 4870 1429 4918 tum
1450 4862 1546 4937 capite
1568 4862 1628 4917 alio
1644 4881 1791 4919 commen·

470 4953 535 5010 tarii
558 4954 704 5012 incidendi
728 4955 768 5031 (1,
784 4957 833 5015 47.
849 4956 903 5033 48)
926 4970 1156 5018 consentaneum
1178 4971 1233 5019 est.
1270 4959 1413 5039 Sumptus
1431 4963 1598 5021 etiamnunc
1617 4964 1691 5021 facit
1708 4983 1791 5021 cerc-

468 5057 542 5110 riam
561 5056 663 5131 populi
681 5057 803 5115 Bouiani
823 5059 862 5133 (Ι,
878 5057 932 5135 99)
955 5061 1001 5119 vel
1026 5063 1081 5120 hac
1102 5073 1198 5121 aetate
1220 5084 1238 5122 a
1257 5064 1332 5122 fisco
1353 5064 1500 5123 diversum
1523 5076 1554 5123 et
1574 5086 1593 5123 a
1614 5079 1718 5125 senatu
1741 5068 1792 5124 ad·

470 5156 677 5216 ministratum.
722 5156 808 5232 Quod
837 5161 910 5220 fiunt
936 5168 1074 5221 communi
1101 5164 1249 5241 esspeaaa]
1279 5165 1339 5239 (ita
1363 5166 1441 5225 euim
1470 5168 1566 5244 magis
1592 5167 1790 5244 supplendum
