3768 5912
447 507 521 579 440
956 531 1244 582 rannaconerrara

449 710 537 778 tttta
572 713 675 795 Udedc,
698 714 731 773 in
754 716 881 791 collegio
904 718 1073 778 achonum
1094 718 1226 796 piarum,
1248 739 1310 796 rep.
1333 718 1367 777 in
1389 719 1474 797 colli,
1498 720 1531 778 in
1552 740 1612 795 quo
1634 719 1694 779 eitr
1716 728 1771 777 eut

489 820 518 877 lo
534 826 609 877 torre
622 819 656 877 de
673 818 758 897 Taya,
782 820 867 878 arula
888 820 948 880 alta
964 841 1002 880 m.
1021 824 1103 900 ooo,
1126 822 1187 880 lata
1208 821 1327 881 circiter
1342 825 1432 898 0203
1453 823 1571 882 litterae
1592 823 1769 901 insculptae

488 932 560 983 eunt
581 925 618 982 eb
640 932 768 999 utroque
789 924 881 983 latere
905 921 934 1003 (a
955 934 984 983 et
1006 922 1042 1004 h),
1069 946 1167 1001 neque
1188 926 1353 1002 quidquam
1374 928 1473 986 riuum
1495 936 1542 986 eet
1562 929 1673 986 deeoae.

754 1170 773 1206 a
823 1164 900 1208 roe
1287 1150 1303 1205 b
1356 1170 1395 1209 err

822 1268 900 1312 cosv
1356 1271 1396 1314 ro

825 1373 904 1415 osvs
1356 1375 1397 1415 rar

836 1476 892 1519 νο

444 1699 598 1776 Descripai
620 1719 656 1758 ex
679 1697 808 1775 imagine
830 1700 1050 1778 photographa,
1080 1721 1170 1775 quam
1199 1702 1282 1760 miait
1308 1702 1442 1761 [oachim
1463 1705 1563 1763 Costa
1613 1706 1644 1764 Ie
1667 1706 1767 1765 edidit

444 1795 659 1879 ‘Imcrr'pcr'oacr
680 1803 727 1860 del
746 1803 805 1861 olto
828 1792 1051 1880 Gaudolquivir'
1071 1804 1187 1863 Raairto
1212 1805 1347 1865 critical
1371 1808 1452 1866 1896
1476 1828 1504 1883 p.
1525 1808 1583 1867 123
1607 1819 1765 1886 acceptam

445 1911 482 1969 ab
505 1908 622 1983 Angelo
645 1910 681 1967 V.
706 1907 822 1966 Aloneo
845 1915 876 1966 et
898 1906 1045 1967 Michaele
1067 1908 1146 1967 Ruia
1167 1909 1386 1969 Ubedcuaibua

488 2014 599 2072 oV.l
625 2029 644 2070 a
666 2011 804 2087 legerunt
826 2013 934 2070 coetae
955 2010 1044 2072 amici
1070 2011 1248 2089 videturque
1274 2012 1307 2073 in
1334 2014 1464 2091 imagine
1492 2031 1572 2091 eaee3
1601 2017 1656 2075 aed
1683 2017 1765 2093 lupia

444 2119 565 2176 fieauraa
594 2117 685 2175 habet
714 2123 745 2175 et
772 2114 922 2175 foramina
956 2115 1082 2191 originis
1115 2117 1250 2176 noviciae
1278 2137 1340 2176 uon
1367 2138 1472 2195 peuce„
1526 2122 1616 2180 Unde
1642 2129 1718 2197 puto
1747 2139 1764 2179 r

443 2221 699 2299 legendumne,
722 2239 784 2279 non
807 2233 839 2295 13
864 2239 932 2278 cum
953 2219 1128 2298 praesertim
1147 2240 1236 2281 rocca
1257 2222 1388 2281 Ibericae
1403 2242 1465 2283 nou
1487 2224 1604 2283 eoleant
1625 2224 1763 2301 incipere

444 2327 481 2385 ab
503 2347 520 2381 r
541 2324 651 2385 littera.

486 2432 523 2489 V.
542 2431 559 2488 3
582 2428 700 2488 litterae
722 2429 884 2489 admodum
906 2429 1062 2506 evanida03
1090 2432 1199 2490 Corae
1221 2429 1311 2489 amici
1332 2451 1435 2490 verane
1459 2437 1477 2491 3
1501 2439 1532 2490 et
1554 2435 1573 2490 4
1596 2451 1660 2491 non
1682 2439 1763 2491 recte

443 2533 655 2594 distinxerunt
706 2534 798 2596 Quod
825 2542 894 2610 poet
919 2533 1060 2593 ultimum
1089 2535 1269 2594 elementum
1296 2542 1449 2611 praeterea
1477 2536 1666 2615 elegerunt,
1695 2535 1763 2595 fieri

444 2645 544 2716 poteat
565 2646 601 2698 ut
621 2656 724 2696 verum
746 2636 802 2715 ait;
826 2656 895 2696 uam
916 2636 1015 2713 imago
1037 2637 1081 2696 ibi
1103 2638 1212 2698 deficit

486 2740 691 2802 duevanida
716 2741 839 2817 quidem
867 2742 922 2800 eed
948 2755 1027 2801 certa
1052 2740 1117 2801 viae
1142 2750 1188 2801 eet
1214 2744 1321 2801 Coatae
1350 2743 1463 2803 amicir.
1509 2745 1582 2803 Post
1609 2760 1631 2801 Ν
1660 2743 1762 2802 littera

444 2867 505 2905 una
526 2845 593 2925 tuit,
618 2847 744 2905 femme
766 2862 790 2905 o
813 2843 919 2904 minor.

488 2952 569 3027 Lego
592 2950 763 3010 dubitanter
785 2945 1067 3029 Poecoruoeuo[a'?]oo
1085 2944 1091 3030 Ι
1111 2947 1200 3030 Eup]
1225 2944 1363 3030 Pariter)

489 3054 579 3117 Quod
600 3053 689 3113 initio
712 3064 765 3133 eet,
790 3073 900 3113 nomen
922 3052 970 3114 dei
994 3054 1111 3113 videtur
1133 3072 1207 3112 eece.
1246 3053 1306 3112 Sed
1326 3053 1415 3112 lectio
1430 3061 1460 3112 et
1481 3052 1691 3130 interpretatio
1712 3054 1762 3112 in·

446 3164 543 3217 certae
564 3166 695 3217 manent

448 3378 535 3448 toth
565 3386 601 3444 In
624 3382 694 3443 colli
714 3384 748 3442 de
767 3383 842 3462 Toyo
863 3404 929 3443 cunr
952 3384 1128 3461 fragmentis
1149 3383 1338 3444 vasculorum
1355 3383 1460 3444 multia
1482 3383 1661 3461 prodierunt
1681 3383 1761 3457 trag·

489 3495 590 3547 menta
611 3488 671 3547 duc
694 3507 732 3547 ex
753 3488 853 3565 lapide
875 3488 1001 3548 calcario
1024 3508 1086 3547 uon
1109 3487 1243 3547 eiusdem
1266 3487 1356 3548 tituli

446 4368 580 4430 loreum
611 4370 702 4426 cosa
730 4353 946 4440 ‘Jmmpeom
974 4367 1020 4424 oz
1044 4367 1103 4425 are
1132 4352 1347 4445 concoct?
1376 4363 1491 4422 naeu
1517 4362 1618 4423 mea
1639 4365 1655 4423 1
1679 4366 1758 4425 racc

446 4495 476 4552 p.
496 4475 556 4532 123
579 4478 699 4549 accepte
721 4471 757 4529 ab
780 4468 894 4530 amicir.
1365 4488 1369 4495 ·

490 4580 576 4642 Quae
599 4575 680 4634 virae
702 4582 773 4634 aunt
794 4573 910 4634 litterae
932 4574 1064 4635 ibericae
1087 4594 1167 4655 eoae,
1197 4572 1322 4633 Latinae
1348 4571 1451 4650 potius
1472 4573 1596 4632 fuerunt
1616 4574 1707 4633 rudes
1727 4580 1762 4631 ut

446 4683 480 4741 in
501 4702 530 4741 n.
559 4681 629 4758 191,
652 4680 778 4738 formose
800 4678 945 4754 legendae
967 4695 1024 4738 cerr
1048 4686 1078 4737 et
1100 4696 1152 4738 Αι.

450 4902 509 4970 191
521 4927 546 4966 c.
570 4898 667 4969 191d
697 4904 786 4963 Sauo
811 4905 904 4981 Tomi,
936 4902 969 4961 iu
997 4903 1119 4980 praedio
1142 4903 1175 4961 dc
1197 4905 1240 4962 lar
1262 4900 1397 4975 Ira'jaoloa
1419 4919 1511 4976 prope
1534 4900 1693 4978 oppidum,
1725 4901 1761 4958 ad

490 5013 652 5070 fenestram
673 5008 818 5067 maiorem
839 5009 958 5067 aedium
980 5027 1034 5084 pro
1056 5006 1191 5085 postibus
1219 5014 1289 5065 aunt
1312 5005 1393 5082 cippi
1415 5003 1595 5081 sepulcrales
1618 5006 1678 5063 duo
1701 5023 1761 5062 non

491 5115 626 5174 eiusdem
648 5113 766 5187 aetatie3
791 5113 865 5170 altar
886 5111 995 5170 litteris
1017 5110 1106 5171 bouis
1128 5129 1204 5170 auec.
1225 5111 1248 5187 Ι,
1272 5108 1393 5187 punctio
1415 5107 1661 5187 triangularibus,
1690 5108 1762 5166 alter

491 5217 679 5292 aliquantum
702 5216 830 5275 detritus
851 5216 942 5293 paulo
964 5215 1122 5275 recentior.
