3816 5912
437 512 511 584 260
1053 530 1152 583 ncrn

436 708 518 765 fratri
543 708 684 765 honorem
707 704 852 765 XVviros
875 714 998 765 catenus
1021 704 1175 777 tribuisse,
1203 710 1350 779 quatenus
1372 703 1436 762 ficri
1459 705 1554 781 potuit
1574 711 1699 782 propter
1722 703 1764 761 lo

435 829 537 869 corum
560 809 757 868 intervallum.

517 913 602 972 Haec
624 912 734 970 saeculi
751 912 878 988 Augusti
901 912 1024 970 numina
1044 910 1093 986 qui
1115 910 1300 984 comparabit
1321 928 1386 968 cum
1403 910 1577 987 antiquioris
1593 908 1705 969 saeculi
1727 909 1766 966 li-

434 1017 522 1075 berae
545 1016 586 1073 rei
609 1014 745 1092 publicae
760 1013 940 1084 numinibus,
962 1013 992 1072 id
1007 1015 1104 1087 ipsum
1121 1012 1321 1089 deprehendet
1335 1030 1394 1088 quo
1410 1030 1457 1070 res
1472 1012 1592 1090 publica
1606 1012 1644 1069 ab
1661 1011 1765 1088 Augu·

435 1126 482 1176 sto
505 1119 641 1176 restituta
663 1118 701 1176 ab
716 1117 853 1175 instituta
874 1117 994 1194 regibus
1013 1116 1129 1174 exactis
1151 1115 1193 1172 itu
1215 1115 1334 1186 recedit,
1356 1124 1388 1173 ut
1409 1115 1603 1173 nihilominus
1618 1113 1766 1191 quodam·

435 1220 524 1278 modo
539 1221 643 1278 eadem
659 1221 707 1278 sit.
729 1219 906 1278 Manserunt
919 1218 1088 1277 saeculares
1103 1216 1195 1276 leriae
1210 1220 1363 1276 numinum
1379 1217 1550 1287 inferorum,
1562 1217 1615 1276 sed
1627 1224 1767 1293 exempto

436 1331 532 1382 taetro
555 1324 717 1381 inferorum
741 1322 861 1379 domino
883 1322 1004 1397 eiusque
1025 1322 1149 1397 coniuge
1164 1320 1246 1393 deae,
1268 1338 1344 1397 quas
1360 1328 1538 1380 venerantur
1560 1320 1629 1378 novi
1651 1319 1766 1378 saeculi

434 1426 584 1495 mulieres,
606 1442 709 1482 omnes
732 1423 911 1483 reverendae
926 1423 1022 1500 magis
1038 1433 1105 1482 aunt
1120 1442 1207 1500 quam
1231 1422 1403 1481 horrendae.
1437 1423 1649 1500 Adiunguntur
1663 1430 1764 1479 autem

433 1528 471 1585 ad
493 1527 654 1586 inferorum
678 1526 812 1586 ordinem
836 1527 936 1603 superi
955 1526 996 1583 dii
1019 1526 1091 1584 almi
1104 1526 1218 1601 Iupiter
1232 1524 1353 1585 etluno
1374 1524 1478 1584 summi
1499 1543 1598 1582 rerum
1614 1524 1766 1582 Romana·

434 1648 499 1687 rum
522 1630 650 1707 patroni,
674 1629 780 1688 deinde
802 1629 946 1707 principis
961 1628 1090 1688 civitatis
1104 1638 1134 1687 et
1154 1628 1196 1685 rei
1219 1628 1358 1705 publicae
1371 1627 1505 1685 custodis
1521 1636 1549 1686 et
1564 1628 1672 1685 tutoris
1688 1627 1764 1685 deus

434 1731 616 1790 domesticus
631 1732 746 1807 Apollo
760 1732 929 1791 Palatinus.
958 1729 1085 1789 Laetum
1101 1730 1254 1788 restitutae
1269 1730 1310 1788 rei
1325 1729 1461 1805 publicae
1476 1739 1586 1789 statum
1602 1741 1684 1787 etex
1700 1728 1765 1787 bel·

431 1833 470 1891 lis
496 1833 712 1892 infelicissimis
738 1834 895 1911 splendide
922 1842 1125 1919 resurgentem
1153 1832 1226 1892 haec
1247 1851 1324 1910 quae
1349 1832 1592 1909 recuperavimus
1615 1840 1682 1890 acta
1703 1851 1764 1890 non

431 1935 529 1993 minus
552 1936 633 1994 clara
654 1937 721 1995 luce
742 1937 897 1997 illustrant
917 1953 1007 2012 quam
1030 1937 1125 2013 spirat
1145 1954 1264 1995 carmen
1286 1935 1364 2013 quod
1388 1940 1542 2012 composuit
1566 1933 1601 2004 Q.
1621 1935 1764 1992 Horatius

432 2036 569 2097 Flaccus.

814 2224 952 2287 SACRA
985 2225 1042 2286 ET
1074 2224 1383 2287 PRECATIONES.

516 2412 610 2473 Sacra
635 2425 666 2471 et
691 2414 878 2491 precationes
904 2413 962 2472 diis
989 2413 1160 2491 deabusque
1189 2414 1290 2472 oblata
1321 2431 1374 2488 per
1399 2413 1536 2471 ludorum
1563 2412 1762 2471 saecularium

430 2518 599 2575 trinoctium
623 2515 810 2593 triduumque
833 2517 892 2575 iam
915 2516 1084 2591 composita
1104 2517 1344 2575 recensebantur.
1389 2512 1482 2576 Sacra
1503 2514 1574 2573 fecit
1599 2532 1763 2591 precesque

429 2621 567 2680 recitavit
595 2639 648 2696 per
669 2628 729 2677 tres
756 2628 857 2678 noctes
879 2621 1052 2696 Augustus,
1081 2638 1134 2696 per
1155 2630 1216 2678 tres
1239 2618 1302 2677 dies
1329 2625 1359 2675 et
1381 2619 1535 2693 Augustus
1563 2625 1592 2675 et
1615 2619 1762 2695 Agrippa,

429 2733 460 2780 et
486 2741 522 2781 eo
549 2722 669 2798 proprie
695 2722 862 2780 continetur
884 2721 963 2798 quod
991 2722 1034 2780 ait
1060 2732 1180 2780 senatus
1203 2728 1334 2779 actorum
1358 2739 1385 2776 v.
1402 2719 1451 2777 53.
1468 2720 1507 2778 54
1532 2718 1620 2779 ludos
1642 2720 1761 2779 tuturos

430 2842 498 2882 esse
521 2823 725 2900 [jacientibusi
751 2829 818 2900 imp.
838 2823 974 2899 Caesare]
995 2822 1155 2899 Augaeus)
1178 2833 1205 2881 et
1225 2822 1267 2880 M.
1282 2820 1448 2898 A[qmp]pa
1470 2821 1655 2897 tribunic(s'a)
1678 2831 1762 2898 pota·

429 2936 517 2998 atate,
547 2926 742 3002 similiterque
771 2928 801 2984 in
830 2935 1020 2984 monumento
1046 2928 1210 3002 Ancyrauo
1238 2928 1391 3001 Augustus
1421 2925 1502 2983 ludos
1531 2924 1691 2984 saeculares
1712 2927 1761 3000 se-

430 3033 502 3087 cisse
523 3049 552 3087 se
575 3031 692 3104 conlepa
707 3029 750 3086 M.
766 3029 911 3105 Agrippa.
945 3028 995 3086 Ex
1017 3028 1189 3086 auctoribus
1204 3027 1343 3085 Zosimus
1365 3026 1470 3086 scribit
1483 3028 1656 3103 Augustum
1678 3026 1762 3084 Moe-

430 3131 473 3188 ris
489 3131 626 3190 victimas
648 3131 854 3190 immolavisse
877 3130 1082 3209 significatque
1098 3129 1244 3187 Horatius
1266 3129 1357 3187 boves
1372 3128 1440 3187 lovi
1453 3129 1620 3205 Iunonique
1641 3129 1760 3188 oblatas

430 3250 498 3293 esse
520 3234 557 3292 ab
581 3233 700 3304 eodem,
727 3233 764 3291 de
786 3233 923 3310 Agrippa
944 3243 1060 3291 tacens:
1088 3250 1204 3290 carmen
1229 3230 1364 3308 Sibyllae
1385 3230 1467 3309 quod
1487 3249 1548 3290 non
1572 3232 1663 3290 habet
1683 3250 1759 3309 quae

430 3334 490 3392 huc
511 3336 625 3405 trabas,
647 3336 728 3394 favet
749 3336 882 3410 opinioni
906 3354 997 3412 supra
1019 3335 1160 3394 defensae
1183 3334 1325 3409 scriptum
1347 3351 1415 3393 esse
1435 3333 1531 3393 libera
1551 3334 1705 3393 etiamtum
1727 3352 1760 3392 re

428 3437 558 3515 publica.
594 3435 732 3496 Ceterum
755 3439 785 3494 in
807 3439 901 3495 sacris
924 3438 971 3496 his
993 3438 1079 3496 locus
1101 3436 1260 3513 primarius
1275 3438 1412 3513 Augusto
1435 3437 1604 3510 attributus,
1626 3454 1760 3496 summus

429 3541 514 3611 item,
542 3540 594 3598 sed
622 3550 721 3598 tamen
745 3539 939 3598 secundarius
962 3528 1130 3616 Agrippae,
1156 3538 1340 3617 principatus
1367 3539 1570 3597 condicionem
1592 3557 1670 3614 quae
1696 3549 1758 3597 tum

429 3642 488 3700 fuit
508 3643 579 3701 viva
599 3643 728 3718 imagine
749 3651 982 3719 repraesentant
1021 3640 1182 3702 Severiana
1203 3660 1320 3719 quoque
1343 3659 1437 3713 sacra,
1463 3648 1607 3717 quantum
1630 3660 1668 3700 ex
1690 3640 1759 3698 reli·

428 3744 509 3820 quiis
532 3754 671 3822 apparet,
698 3745 768 3804 fecit
792 3745 980 3822 potissimum
1007 3744 1071 3821 ipse
1094 3743 1236 3817 Severus,
1264 3744 1317 3803 sed
1345 3753 1376 3802 ut
1402 3753 1501 3821 partes
1522 3762 1641 3820 quoque
1666 3744 1757 3803 iniis

430 3856 530 3907 essent
552 3848 615 3906 filio
636 3850 791 3907 Antonino
813 3848 949 3925 adeoque
970 3847 1088 3925 coniugi
1111 3847 1215 3918 Iuliae,
1238 3848 1354 3923 privato
1377 3855 1473 3904 eutem
1496 3846 1580 3904 nulli.

510 3949 719 4009 Precaticuum
747 3950 892 4009 formulae
918 3969 983 4008 cum
1011 3968 1115 4009 omnes
1142 3950 1198 4007 sibi
1227 3949 1452 4026 responderent,
1481 3948 1580 4006 scriba
1601 3947 1756 4007 XVvirum

428 4054 503 4110 satis
529 4052 632 4110 babuit
659 4053 776 4129 plenam
803 4071 913 4128 ponere
939 4053 1078 4128 primam,
1105 4071 1181 4128 quae
1204 4051 1362 4110 admodum
1385 4051 1490 4109 mutila
1513 4051 1550 4107 ad
1573 4068 1627 4109 nos
1654 4070 1758 4128 perve-

428 4156 485 4225 nit;
512 4154 542 4211 in
566 4155 758 4231 sequentibus
781 4154 847 4213 sola
868 4154 992 4212 exordia
1017 4155 1185 4232 perscripta
1207 4162 1277 4213 sunt
1304 4153 1421 4212 adiecta
1442 4152 1580 4211 clausula
1602 4161 1696 4211 cetera
1716 4157 1758 4209 ati

428 4256 862 4332 supra(v.106.l37.142),
890 4256 946 4313 nisi
970 4256 1049 4331 qnod
1078 4257 1108 4314 in
1136 4258 1324 4315 invocatione
1347 4254 1495 4333 Apollinis
1520 4265 1638 4332 praeter
1659 4254 1757 4332 prima

428 4359 518 4417 verba
541 4360 630 4418 etiam
652 4368 804 4434 postrema
825 4358 1022 4416 enuntiantur.

510 4622 718 4683 EXORDIA.

428 4826 536 4893 nocte
563 4814 682 4916 prima
708 4816 842 4890 Moeris
870 4843 906 4890 v.
927 4820 986 4891 90.
1017 4820 1083 4892 91:

557 4966 657 5029 nocte
683 4954 882 5055 assequenti
904 4956 944 5029 in
962 4982 1089 5056 campo
1108 4957 1158 5030 ad
1176 4954 1344 5057 Tc'b[erim
1361 4955 1494 5031 Moeris
1516 4954 1600 5056 imp.
1619 4951 1753 5030 Caesar

782 5076 961 5177 Augustus
986 5078 1171 5152 inmolavit
1194 5077 1339 5178 boetius]
1368 5077 1372 5181 l
1394 5078 1601 5178 prodr'qcims
1620 5074 1752 5151 Acbc'vo

780 5197 855 5273 ritu
881 5225 920 5274 cc
936 5255 1073 5275 ......
