<?xml version="1.0" encoding="UTF-8"?>
<!DOCTYPE html PUBLIC "-//W3C//DTD XHTML 1.0 Transitional//EN"
    "http://www.w3.org/TR/xhtml1/DTD/xhtml1-transitional.dtd">
<html xmlns="http://www.w3.org/1999/xhtml" xml:lang="en" lang="en">
 <head>
  <title>
</title>
<meta http-equiv="Content-Type" content="text/html;charset=utf-8" />
  <meta name='ocr-system' content='tesseract 3.04.00' />
  <meta name='ocr-capabilities' content='ocr_page ocr_carea ocr_par ocr_line ocrx_word'/>
</head>
<body>
  <div class='ocr_page' id='page_1' title='image "./ephemerisepigra20instgoog_0334.png"; bbox 0 0 3798 5910; ppageno 0'>
   <div class='ocr_carea' id='block_1_1' title="bbox 616 502 1479 574">
    <p class='ocr_par' dir='ltr' id='par_1_1' title="bbox 616 502 1479 574">
     <span class='ocr_line' id='line_1_1' title="bbox 616 502 1479 574; baseline -0.001 -1"><span class='ocrx_word' id='word_1_1' title='bbox 616 524 669 573; x_wconf 81' lang='lat' dir='ltr'><strong>ao</strong></span> <span class='ocrx_word' id='word_1_2' title='bbox 694 523 793 574; x_wconf 82' lang='lat' dir='ltr'><strong>acra</strong></span> <span class='ocrx_word' id='word_1_3' title='bbox 819 522 1022 574; x_wconf 76' lang='lat' dir='ltr'><strong>anvsuvu.</strong></span> <span class='ocrx_word' id='word_1_4' title='bbox 1407 502 1479 572; x_wconf 84' lang='lat'><strong>319</strong></span> 
     </span>
    </p>
   </div>
   <div class='ocr_carea' id='block_1_2' title="bbox 148 693 1508 2306">
    <p class='ocr_par' dir='ltr' id='par_1_2' title="bbox 151 693 1508 1183">
     <span class='ocr_line' id='line_1_2' title="bbox 198 693 1480 772; baseline -0.002 -18"><span class='ocrx_word' id='word_1_5' title='bbox 198 693 256 754; x_wconf 91' lang='lat' dir='ltr'><strong>Cn.</strong></span> <span class='ocrx_word' id='word_1_6' title='bbox 282 696 444 754; x_wconf 82' lang='lat' dir='ltr'><strong>Domitium</strong></span> <span class='ocrx_word' id='word_1_7' title='bbox 468 697 547 772; x_wconf 89' lang='lat' dir='ltr'><strong>quod</strong></span> <span class='ocrx_word' id='word_1_8' title='bbox 573 697 675 754; x_wconf 75' lang='lat' dir='ltr'><strong>statuit</strong></span> <span class='ocrx_word' id='word_1_9' title='bbox 697 697 776 754; x_wconf 87' lang='lat' dir='ltr'><strong>Hula</strong></span> <span class='ocrx_word' id='word_1_10' title='bbox 803 697 952 754; x_wconf 88' lang='lat' dir='ltr'><strong>consulem</strong></span> <span class='ocrx_word' id='word_1_11' title='bbox 975 714 1042 754; x_wconf 89' lang='lat' dir='ltr'><strong>esse</strong></span> <span class='ocrx_word' id='word_1_12' title='bbox 1064 716 1090 752; x_wconf 85' lang='lat' dir='ltr'><strong>a.</strong></span> <span class='ocrx_word' id='word_1_13' title='bbox 1110 697 1163 753; x_wconf 86' lang='lat'><strong>701</strong></span> <span class='ocrx_word' id='word_1_14' title='bbox 1189 707 1220 754; x_wconf 88' lang='lat' dir='ltr'><strong>et</strong></span> <span class='ocrx_word' id='word_1_15' title='bbox 1242 696 1300 753; x_wconf 81' lang='lat'><strong>714</strong></span> <span class='ocrx_word' id='word_1_16' title='bbox 1329 696 1398 754; x_wconf 89' lang='lat' dir='ltr'><strong>mibi</strong></span> <span class='ocrx_word' id='word_1_17' title='bbox 1422 715 1480 753; x_wconf 92' lang='lat' dir='ltr'><strong>non</strong></span> 
     </span>
     <span class='ocr_line' id='line_1_3' title="bbox 153 797 1479 873; baseline 0 -20"><span class='ocrx_word' id='word_1_18' title='bbox 153 799 316 873; x_wconf 84' lang='lat' dir='ltr'><strong>probatur:</strong></span> <span class='ocrx_word' id='word_1_19' title='bbox 345 798 539 873; x_wconf 83' lang='lat' dir='ltr'><strong>nequeenim</strong></span> <span class='ocrx_word' id='word_1_20' title='bbox 562 798 666 856; x_wconf 84' lang='lat' dir='ltr'><strong>ultimo</strong></span> <span class='ocrx_word' id='word_1_21' title='bbox 689 799 754 854; x_wconf 92' lang='lat' dir='ltr'><strong>loco</strong></span> <span class='ocrx_word' id='word_1_22' title='bbox 779 800 924 857; x_wconf 87' lang='lat' dir='ltr'><strong>nominari</strong></span> <span class='ocrx_word' id='word_1_23' title='bbox 952 799 1048 873; x_wconf 89' lang='lat' dir='ltr'><strong>potuit</strong></span> <span class='ocrx_word' id='word_1_24' title='bbox 1074 800 1120 856; x_wconf 88' lang='lat' dir='ltr'><strong>vir</strong></span> <span class='ocrx_word' id='word_1_25' title='bbox 1145 797 1331 873; x_wconf 84' lang='lat' dir='ltr'><strong>grandaevos</strong></span> <span class='ocrx_word' id='word_1_26' title='bbox 1360 807 1390 855; x_wconf 88' lang='lat' dir='ltr'><strong>et</strong></span> <span class='ocrx_word' id='word_1_27' title='bbox 1411 816 1479 854; x_wconf 90' lang='lat' dir='ltr'><strong>con·</strong></span> 
     </span>
     <span class='ocr_line' id='line_1_4' title="bbox 151 898 1480 977; baseline 0 -20"><span class='ocrx_word' id='word_1_28' title='bbox 151 900 265 958; x_wconf 84' lang='lat' dir='ltr'><strong>solaris</strong></span> <span class='ocrx_word' id='word_1_29' title='bbox 297 911 365 977; x_wconf 90' lang='lat' dir='ltr'><strong>post</strong></span> <span class='ocrx_word' id='word_1_30' title='bbox 390 901 513 958; x_wconf 85' lang='lat' dir='ltr'><strong>iuvenes</strong></span> <span class='ocrx_word' id='word_1_31' title='bbox 540 911 570 957; x_wconf 90' lang='lat' dir='ltr'><strong>et</strong></span> <span class='ocrx_word' id='word_1_32' title='bbox 599 901 771 976; x_wconf 87' lang='lat' dir='ltr'><strong>praetorios.</strong></span> <span class='ocrx_word' id='word_1_33' title='bbox 826 898 881 958; x_wconf 87' lang='lat' dir='ltr'><strong>Cn.</strong></span> <span class='ocrx_word' id='word_1_34' title='bbox 907 901 1072 959; x_wconf 87' lang='lat' dir='ltr'><strong>Domitium</strong></span> <span class='ocrx_word' id='word_1_35' title='bbox 1103 900 1332 957; x_wconf 80' lang='lat' dir='ltr'><strong>Ahenobarbum</strong></span> <span class='ocrx_word' id='word_1_36' title='bbox 1367 908 1480 974; x_wconf 77' lang='lat' dir='ltr'><strong>patratu</strong></span> 
     </span>
     <span class='ocr_line' id='line_1_5' title="bbox 153 1000 1479 1077; baseline -0.001 -18"><span class='ocrx_word' id='word_1_37' title='bbox 153 1000 302 1069; x_wconf 85' lang='lat' dir='ltr'><strong>Neronis,</strong></span> <span class='ocrx_word' id='word_1_38' title='bbox 331 1003 382 1077; x_wconf 90' lang='lat' dir='ltr'><strong>qui</strong></span> <span class='ocrx_word' id='word_1_39' title='bbox 409 1002 513 1061; x_wconf 89' lang='lat' dir='ltr'><strong>consul</strong></span> <span class='ocrx_word' id='word_1_40' title='bbox 541 1002 597 1060; x_wconf 86' lang='lat' dir='ltr'><strong>fuit</strong></span> <span class='ocrx_word' id='word_1_41' title='bbox 621 1021 647 1058; x_wconf 90' lang='lat' dir='ltr'><strong>a.</strong></span> <span class='ocrx_word' id='word_1_42' title='bbox 669 1001 722 1069; x_wconf 71' lang='lat'><strong>32,</strong></span> <span class='ocrx_word' id='word_1_43' title='bbox 752 1002 847 1060; x_wconf 83' lang='lat' dir='ltr'><strong>adluit</strong></span> <span class='ocrx_word' id='word_1_44' title='bbox 873 1004 902 1059; x_wconf 91' lang='lat' dir='ltr'><strong>in</strong></span> <span class='ocrx_word' id='word_1_45' title='bbox 933 1003 1060 1077; x_wconf 79' lang='lat' dir='ltr'><strong>collegio</strong></span> <span class='ocrx_word' id='word_1_46' title='bbox 1087 1023 1113 1059; x_wconf 83' lang='lat' dir='ltr'><strong>a</strong></span> <span class='ocrx_word' id='word_1_47' title='bbox 1131 1001 1177 1058; x_wconf 74' lang='lat'><strong>27.</strong></span> <span class='ocrx_word' id='word_1_48' title='bbox 1207 1002 1256 1058; x_wconf 83' lang='lat'><strong>33.</strong></span> <span class='ocrx_word' id='word_1_49' title='bbox 1279 1002 1327 1059; x_wconf 87' lang='lat'><strong>38.</strong></span> <span class='ocrx_word' id='word_1_50' title='bbox 1352 1002 1406 1074; x_wconf 76' lang='lat'><strong>39,</strong></span> <span class='ocrx_word' id='word_1_51' title='bbox 1438 1003 1479 1059; x_wconf 89' lang='lat' dir='ltr'><strong>iu·</strong></span> 
     </span>
     <span class='ocr_line' id='line_1_6' title="bbox 153 1091 1508 1183; baseline 0 -23"><span class='ocrx_word' id='word_1_52' title='bbox 153 1104 357 1181; x_wconf 83' lang='lat' dir='ltr'><strong>tellegendnm</strong></span> <span class='ocrx_word' id='word_1_53' title='bbox 379 1122 444 1163; x_wconf 87' lang='lat' dir='ltr'><strong>esse</strong></span> <span class='ocrx_word' id='word_1_54' title='bbox 464 1105 653 1163; x_wconf 85' lang='lat' dir='ltr'><strong>consentiunt</strong></span> <span class='ocrx_word' id='word_1_55' title='bbox 674 1103 837 1183; x_wconf 82' lang='lat' dir='ltr'><strong>Henzenus</strong></span> <span class='ocrx_word' id='word_1_56' title='bbox 858 1114 889 1162; x_wconf 91' lang='lat' dir='ltr'><strong>et</strong></span> <span class='ocrx_word' id='word_1_57' title='bbox 911 1105 1120 1162; x_wconf 87' lang='lat' dir='ltr'><strong>Mommsenus.</strong></span> <span class='ocrx_word' id='word_1_58' title='bbox 1506 1091 1508 1095; x_wconf 7' lang='grc' dir='ltr'><strong>ἲ</strong></span> 
     </span>
    </p>

    <p class='ocr_par' dir='ltr' id='par_1_3' title="bbox 151 1203 1480 1693">
     <span class='ocr_line' id='line_1_7' title="bbox 198 1203 1480 1281; baseline -0.002 -16"><span class='ocrx_word' id='word_1_59' title='bbox 198 1203 256 1265; x_wconf 92' lang='lat' dir='ltr'><strong>Cn.</strong></span> <span class='ocrx_word' id='word_1_60' title='bbox 278 1207 454 1281; x_wconf 89' lang='lat' dir='ltr'><strong>Pompeium</strong></span> <span class='ocrx_word' id='word_1_61' title='bbox 478 1203 515 1278; x_wconf 83' lang='lat' dir='ltr'><strong>Q.</strong></span> <span class='ocrx_word' id='word_1_62' title='bbox 538 1207 558 1264; x_wconf 82' lang='lat' dir='ltr'><strong>t&#39;.</strong></span> <span class='ocrx_word' id='word_1_63' title='bbox 580 1207 733 1265; x_wconf 88' lang='lat' dir='ltr'><strong>consulem</strong></span> <span class='ocrx_word' id='word_1_64' title='bbox 756 1227 784 1265; x_wconf 87' lang='lat' dir='ltr'><strong>a.</strong></span> <span class='ocrx_word' id='word_1_65' title='bbox 800 1206 859 1264; x_wconf 77' lang='lat'><strong>723</strong></span> <span class='ocrx_word' id='word_1_66' title='bbox 886 1224 953 1265; x_wconf 89' lang='lat' dir='ltr'><strong>esse</strong></span> <span class='ocrx_word' id='word_1_67' title='bbox 979 1207 1116 1281; x_wconf 82' lang='lat' dir='ltr'><strong>opinatur</strong></span> <span class='ocrx_word' id='word_1_68' title='bbox 1137 1204 1233 1276; x_wconf 88' lang='lat' dir='ltr'><strong>Hula,</strong></span> <span class='ocrx_word' id='word_1_69' title='bbox 1262 1206 1480 1281; x_wconf 86' lang='lat' dir='ltr'><strong>reprehendens</strong></span> 
     </span>
     <span class='ocr_line' id='line_1_8' title="bbox 151 1305 1478 1384; baseline -0.002 -17"><span class='ocrx_word' id='word_1_70' title='bbox 151 1308 331 1367; x_wconf 77' lang='lat' dir='ltr'><strong>Hennennm</strong></span> <span class='ocrx_word' id='word_1_71' title='bbox 354 1311 405 1384; x_wconf 89' lang='lat' dir='ltr'><strong>qui</strong></span> <span class='ocrx_word' id='word_1_72' title='bbox 428 1328 493 1366; x_wconf 89' lang='lat' dir='ltr'><strong>eum</strong></span> <span class='ocrx_word' id='word_1_73' title='bbox 517 1311 684 1384; x_wconf 78' lang='lat' dir='ltr'><strong>composuit</strong></span> <span class='ocrx_word' id='word_1_74' title='bbox 705 1328 770 1368; x_wconf 91' lang='lat' dir='ltr'><strong>cum</strong></span> <span class='ocrx_word' id='word_1_75' title='bbox 790 1309 874 1366; x_wconf 78' lang='lat' dir='ltr'><strong>fratri</strong></span> <span class='ocrx_word' id='word_1_76' title='bbox 890 1309 996 1366; x_wconf 82' lang='lat' dir='ltr'><strong>Arvali</strong></span> <span class='ocrx_word' id='word_1_77' title='bbox 1018 1309 1171 1367; x_wconf 87' lang='lat' dir='ltr'><strong>nominato</strong></span> <span class='ocrx_word' id='word_1_78' title='bbox 1186 1310 1216 1366; x_wconf 91' lang='lat' dir='ltr'><strong>in</strong></span> <span class='ocrx_word' id='word_1_79' title='bbox 1232 1309 1307 1366; x_wconf 88' lang='lat' dir='ltr'><strong>actis</strong></span> <span class='ocrx_word' id='word_1_80' title='bbox 1329 1327 1358 1384; x_wconf 88' lang='lat' dir='ltr'><strong>p.</strong></span> <span class='ocrx_word' id='word_1_81' title='bbox 1374 1305 1409 1365; x_wconf 90' lang='lat' dir='ltr'><strong>C.</strong></span> <span class='ocrx_word' id='word_1_82' title='bbox 1430 1310 1478 1365; x_wconf 83' lang='lat'><strong>14:</strong></span> 
     </span>
     <span class='ocr_line' id='line_1_9' title="bbox 151 1411 1479 1488; baseline 0 -21"><span class='ocrx_word' id='word_1_83' title='bbox 151 1412 235 1469; x_wconf 89' lang='lat' dir='ltr'><strong>hunc</strong></span> <span class='ocrx_word' id='word_1_84' title='bbox 257 1413 333 1469; x_wconf 89' lang='lat' dir='ltr'><strong>enim</strong></span> <span class='ocrx_word' id='word_1_85' title='bbox 356 1411 458 1469; x_wconf 87' lang='lat' dir='ltr'><strong>eodem</strong></span> <span class='ocrx_word' id='word_1_86' title='bbox 481 1429 560 1467; x_wconf 90' lang='lat' dir='ltr'><strong>anno</strong></span> <span class='ocrx_word' id='word_1_87' title='bbox 583 1420 731 1469; x_wconf 89' lang='lat' dir='ltr'><strong>mortuum</strong></span> <span class='ocrx_word' id='word_1_88' title='bbox 752 1428 818 1470; x_wconf 88' lang='lat' dir='ltr'><strong>esse</strong></span> <span class='ocrx_word' id='word_1_89' title='bbox 839 1411 973 1488; x_wconf 85' lang='lat' dir='ltr'><strong>ipsorum</strong></span> <span class='ocrx_word' id='word_1_90' title='bbox 996 1422 1128 1469; x_wconf 87' lang='lat' dir='ltr'><strong>actorum</strong></span> <span class='ocrx_word' id='word_1_91' title='bbox 1147 1411 1318 1469; x_wconf 89' lang='lat' dir='ltr'><strong>testimonio</strong></span> <span class='ocrx_word' id='word_1_92' title='bbox 1333 1422 1479 1468; x_wconf 75' lang='lat' dir='ltr'><strong>constare.</strong></span> 
     </span>
     <span class='ocr_line' id='line_1_10' title="bbox 153 1512 1479 1590; baseline 0 -21"><span class='ocrx_word' id='word_1_93' title='bbox 153 1515 199 1570; x_wconf 79' lang='lat' dir='ltr'><strong>nt</strong></span> <span class='ocrx_word' id='word_1_94' title='bbox 222 1513 428 1572; x_wconf 86' lang='lat' dir='ltr'><strong>Mommseuos</strong></span> <span class='ocrx_word' id='word_1_95' title='bbox 453 1512 578 1572; x_wconf 87' lang='lat' dir='ltr'><strong>eundem</strong></span> <span class='ocrx_word' id='word_1_96' title='bbox 605 1515 699 1572; x_wconf 86' lang='lat' dir='ltr'><strong>credit</strong></span> <span class='ocrx_word' id='word_1_97' title='bbox 724 1532 792 1573; x_wconf 88' lang='lat' dir='ltr'><strong>esse</strong></span> <span class='ocrx_word' id='word_1_98' title='bbox 816 1514 895 1572; x_wconf 91' lang='lat' dir='ltr'><strong>hunc</strong></span> <span class='ocrx_word' id='word_1_99' title='bbox 921 1523 951 1571; x_wconf 91' lang='lat' dir='ltr'><strong>et</strong></span> <span class='ocrx_word' id='word_1_100' title='bbox 976 1512 1028 1572; x_wconf 92' lang='lat' dir='ltr'><strong>Cn.</strong></span> <span class='ocrx_word' id='word_1_101' title='bbox 1053 1512 1229 1590; x_wconf 87' lang='lat' dir='ltr'><strong>Pompeium</strong></span> <span class='ocrx_word' id='word_1_102' title='bbox 1257 1532 1402 1590; x_wconf 83' lang='lat' dir='ltr'><strong>angurum</strong></span> <span class='ocrx_word' id='word_1_103' title='bbox 1429 1513 1479 1587; x_wconf 88' lang='lat' dir='ltr'><strong>qui</strong></span> 
     </span>
     <span class='ocr_line' id='line_1_11' title="bbox 152 1613 1100 1693; baseline 0.002 -22"><span class='ocrx_word' id='word_1_104' title='bbox 152 1615 263 1673; x_wconf 88' lang='lat' dir='ltr'><strong>ultimo</strong></span> <span class='ocrx_word' id='word_1_105' title='bbox 284 1614 351 1673; x_wconf 87' lang='lat' dir='ltr'><strong>loco</strong></span> <span class='ocrx_word' id='word_1_106' title='bbox 374 1624 492 1674; x_wconf 87' lang='lat' dir='ltr'><strong>notatur</strong></span> <span class='ocrx_word' id='word_1_107' title='bbox 513 1615 544 1674; x_wconf 94' lang='lat' dir='ltr'><strong>in</strong></span> <span class='ocrx_word' id='word_1_108' title='bbox 567 1615 642 1674; x_wconf 84' lang='lat' dir='ltr'><strong>actis</strong></span> <span class='ocrx_word' id='word_1_109' title='bbox 664 1636 690 1672; x_wconf 88' lang='lat' dir='ltr'><strong>a.</strong></span> <span class='ocrx_word' id='word_1_110' title='bbox 707 1615 747 1673; x_wconf 75' lang='lat'><strong>20</strong></span> <span class='ocrx_word' id='word_1_111' title='bbox 769 1613 850 1692; x_wconf 83' lang='lat' dir='ltr'><strong>(vide</strong></span> <span class='ocrx_word' id='word_1_112' title='bbox 870 1614 947 1673; x_wconf 82' lang='lat' dir='ltr'><strong>inira</strong></span> <span class='ocrx_word' id='word_1_113' title='bbox 968 1635 996 1693; x_wconf 88' lang='lat' dir='ltr'><strong>p.</strong></span> <span class='ocrx_word' id='word_1_114' title='bbox 1014 1615 1100 1689; x_wconf 79' lang='lat'>440).</span> 
     </span>
    </p>

    <p class='ocr_par' dir='ltr' id='par_1_4' title="bbox 148 1715 1478 2306">
     <span class='ocr_line' id='line_1_12' title="bbox 198 1715 1478 1794; baseline 0 -20"><span class='ocrx_word' id='word_1_115' title='bbox 198 1717 343 1775; x_wconf 73' lang='lat' dir='ltr'><strong>Messalla</strong></span> <span class='ocrx_word' id='word_1_116' title='bbox 357 1715 508 1775; x_wconf 86' lang='lat' dir='ltr'><strong>Corvinus</strong></span> <span class='ocrx_word' id='word_1_117' title='bbox 530 1718 660 1776; x_wconf 89' lang='lat' dir='ltr'><strong>creditur</strong></span> <span class='ocrx_word' id='word_1_118' title='bbox 674 1718 819 1777; x_wconf 89' lang='lat' dir='ltr'><strong>Henzeno</strong></span> <span class='ocrx_word' id='word_1_119' title='bbox 841 1737 902 1777; x_wconf 92' lang='lat' dir='ltr'><strong>cos.</strong></span> <span class='ocrx_word' id='word_1_120' title='bbox 925 1738 952 1775; x_wconf 90' lang='lat' dir='ltr'><strong>a.</strong></span> <span class='ocrx_word' id='word_1_121' title='bbox 970 1739 998 1794; x_wconf 86' lang='lat' dir='ltr'><strong>p.</strong></span> <span class='ocrx_word' id='word_1_122' title='bbox 1013 1716 1047 1776; x_wconf 89' lang='lat' dir='ltr'><strong>C.</strong></span> <span class='ocrx_word' id='word_1_123' title='bbox 1060 1717 1109 1789; x_wconf 80' lang='lat'><strong>20,</strong></span> <span class='ocrx_word' id='word_1_124' title='bbox 1131 1736 1309 1793; x_wconf 85' lang='lat' dir='ltr'><strong>quamquam</strong></span> <span class='ocrx_word' id='word_1_125' title='bbox 1330 1717 1356 1775; x_wconf 88' lang='lat' dir='ltr'><strong>ei</strong></span> <span class='ocrx_word' id='word_1_126' title='bbox 1371 1736 1478 1794; x_wconf 83' lang='lat' dir='ltr'><strong>cogno·</strong></span> 
     </span>
     <span class='ocr_line' id='line_1_13' title="bbox 150 1817 1478 1898; baseline 0.002 -23"><span class='ocrx_word' id='word_1_127' title='bbox 150 1837 222 1876; x_wconf 83' lang='lat' dir='ltr'><strong>men</strong></span> <span class='ocrx_word' id='word_1_128' title='bbox 239 1817 363 1877; x_wconf 87' lang='lat' dir='ltr'><strong>Corvini</strong></span> <span class='ocrx_word' id='word_1_129' title='bbox 386 1819 454 1878; x_wconf 91' lang='lat' dir='ltr'><strong>alibi</strong></span> <span class='ocrx_word' id='word_1_130' title='bbox 476 1839 534 1877; x_wconf 94' lang='lat' dir='ltr'><strong>non</strong></span> <span class='ocrx_word' id='word_1_131' title='bbox 556 1819 651 1879; x_wconf 88' lang='lat' dir='ltr'><strong>datur.</strong></span> <span class='ocrx_word' id='word_1_132' title='bbox 694 1818 780 1893; x_wconf 83' lang='lat' dir='ltr'><strong>Quod</strong></span> <span class='ocrx_word' id='word_1_133' title='bbox 803 1822 905 1898; x_wconf 86' lang='lat' dir='ltr'><strong>posuit</strong></span> <span class='ocrx_word' id='word_1_134' title='bbox 926 1818 1008 1878; x_wconf 91' lang='lat' dir='ltr'><strong>Hnla</strong></span> <span class='ocrx_word' id='word_1_135' title='bbox 1030 1839 1096 1878; x_wconf 88' lang='lat' dir='ltr'><strong>eum</strong></span> <span class='ocrx_word' id='word_1_136' title='bbox 1120 1837 1186 1877; x_wconf 87' lang='lat' dir='ltr'><strong>esse</strong></span> <span class='ocrx_word' id='word_1_137' title='bbox 1208 1829 1354 1893; x_wconf 87' lang='lat' dir='ltr'><strong>oratorem</strong></span> <span class='ocrx_word' id='word_1_138' title='bbox 1377 1820 1478 1877; x_wconf 89' lang='lat' dir='ltr'><strong>claris·</strong></span> 
     </span>
     <span class='ocr_line' id='line_1_14' title="bbox 149 1922 1478 1998; baseline 0.002 -20"><span class='ocrx_word' id='word_1_139' title='bbox 149 1922 276 1993; x_wconf 85' lang='lat' dir='ltr'><strong>simum,</strong></span> <span class='ocrx_word' id='word_1_140' title='bbox 298 1940 334 1979; x_wconf 87' lang='lat' dir='ltr'><strong>eo</strong></span> <span class='ocrx_word' id='word_1_141' title='bbox 349 1923 468 1980; x_wconf 86' lang='lat' dir='ltr'><strong>nomine</strong></span> <span class='ocrx_word' id='word_1_142' title='bbox 483 1922 607 1980; x_wconf 80' lang='lat' dir='ltr'><strong>offendit</strong></span> <span class='ocrx_word' id='word_1_143' title='bbox 628 1922 707 1997; x_wconf 89' lang='lat' dir='ltr'><strong>qnod</strong></span> <span class='ocrx_word' id='word_1_144' title='bbox 730 1923 778 1980; x_wconf 91' lang='lat' dir='ltr'><strong>bic</strong></span> <span class='ocrx_word' id='word_1_145' title='bbox 794 1923 838 1981; x_wconf 86' lang='lat' dir='ltr'><strong>vir</strong></span> <span class='ocrx_word' id='word_1_146' title='bbox 859 1924 924 1981; x_wconf 86' lang='lat' dir='ltr'><strong>aevi</strong></span> <span class='ocrx_word' id='word_1_147' title='bbox 948 1922 1078 1997; x_wconf 85' lang='lat' dir='ltr'><strong>provecti</strong></span> <span class='ocrx_word' id='word_1_148' title='bbox 1097 1932 1127 1980; x_wconf 88' lang='lat' dir='ltr'><strong>et</strong></span> <span class='ocrx_word' id='word_1_149' title='bbox 1149 1923 1255 1980; x_wconf 84' lang='lat' dir='ltr'><strong>nobilis</strong></span> <span class='ocrx_word' id='word_1_150' title='bbox 1275 1922 1362 1980; x_wconf 90' lang='lat' dir='ltr'><strong>rebus</strong></span> <span class='ocrx_word' id='word_1_151' title='bbox 1385 1923 1478 1998; x_wconf 81' lang='lat' dir='ltr'><strong>gestis</strong></span> 
     </span>
     <span class='ocr_line' id='line_1_15' title="bbox 149 2022 1477 2101; baseline 0.001 -22"><span class='ocrx_word' id='word_1_152' title='bbox 149 2043 213 2080; x_wconf 89' lang='lat' dir='ltr'><strong>non</strong></span> <span class='ocrx_word' id='word_1_153' title='bbox 237 2034 335 2099; x_wconf 89' lang='lat' dir='ltr'><strong>potest</strong></span> <span class='ocrx_word' id='word_1_154' title='bbox 356 2024 501 2091; x_wconf 83' lang='lat' dir='ltr'><strong>nominari</strong></span> <span class='ocrx_word' id='word_1_155' title='bbox 525 2036 593 2099; x_wconf 86' lang='lat' dir='ltr'><strong>post</strong></span> <span class='ocrx_word' id='word_1_156' title='bbox 611 2024 651 2083; x_wconf 89' lang='lat' dir='ltr'><strong>M.</strong></span> <span class='ocrx_word' id='word_1_157' title='bbox 668 2022 832 2083; x_wconf 89' lang='lat' dir='ltr'><strong>Cornutum</strong></span> <span class='ocrx_word' id='word_1_158' title='bbox 854 2026 989 2082; x_wconf 86' lang='lat' dir='ltr'><strong>iuvenem</strong></span> <span class='ocrx_word' id='word_1_159' title='bbox 1012 2036 1042 2083; x_wconf 91' lang='lat' dir='ltr'><strong>et</strong></span> <span class='ocrx_word' id='word_1_160' title='bbox 1063 2024 1242 2098; x_wconf 87' lang='lat' dir='ltr'><strong>praetorium</strong></span> <span class='ocrx_word' id='word_1_161' title='bbox 1265 2024 1477 2101; x_wconf 83' lang='lat' dir='ltr'><strong>(supplendum</strong></span> 
     </span>
     <span class='ocr_line' id='line_1_16' title="bbox 148 2124 1477 2203; baseline 0.001 -21"><span class='ocrx_word' id='word_1_162' title='bbox 148 2126 232 2182; x_wconf 90' lang='lat' dir='ltr'><strong>enim</strong></span> <span class='ocrx_word' id='word_1_163' title='bbox 256 2143 325 2183; x_wconf 90' lang='lat' dir='ltr'><strong>esse</strong></span> <span class='ocrx_word' id='word_1_164' title='bbox 340 2124 382 2183; x_wconf 80' lang='lat' dir='ltr'><strong>M.</strong></span> <span class='ocrx_word' id='word_1_165' title='bbox 402 2125 563 2201; x_wconf 80' lang='lat' dir='ltr'><strong>Corn[elius</strong></span> <span class='ocrx_word' id='word_1_166' title='bbox 575 2173 582 2185; x_wconf 88' lang='lat'><strong>.</strong></span> <span class='ocrx_word' id='word_1_167' title='bbox 596 2169 623 2186; x_wconf 86' lang='lat'><strong>..</strong></span> <span class='ocrx_word' id='word_1_168' title='bbox 647 2127 834 2186; x_wconf 85' lang='lat' dir='ltr'><strong>contenderis</strong></span> <span class='ocrx_word' id='word_1_169' title='bbox 856 2127 989 2203; x_wconf 81' lang='lat' dir='ltr'><strong>argutius</strong></span> <span class='ocrx_word' id='word_1_170' title='bbox 1004 2147 1091 2202; x_wconf 87' lang='lat' dir='ltr'><strong>quarn</strong></span> <span class='ocrx_word' id='word_1_171' title='bbox 1109 2126 1316 2202; x_wconf 80' lang='lat' dir='ltr'><strong>probabilius).</strong></span> <span class='ocrx_word' id='word_1_172' title='bbox 1356 2127 1477 2183; x_wconf 86' lang='lat' dir='ltr'><strong>Momm·</strong></span> 
     </span>
     <span class='ocr_line' id='line_1_17' title="bbox 149 2228 1476 2306; baseline 0 -22"><span class='ocrx_word' id='word_1_173' title='bbox 149 2246 227 2285; x_wconf 90' lang='lat' dir='ltr'><strong>seno</strong></span> <span class='ocrx_word' id='word_1_174' title='bbox 249 2228 367 2286; x_wconf 85' lang='lat' dir='ltr'><strong>videtur</strong></span> <span class='ocrx_word' id='word_1_175' title='bbox 389 2229 605 2305; x_wconf 78' lang='lat' dir='ltr'><strong>intellegendus</strong></span> <span class='ocrx_word' id='word_1_176' title='bbox 627 2230 735 2305; x_wconf 89' lang='lat' dir='ltr'><strong>aliquis</strong></span> <span class='ocrx_word' id='word_1_177' title='bbox 761 2229 1007 2288; x_wconf 84' lang='lat' dir='ltr'><strong>ellessallarum</strong></span> <span class='ocrx_word' id='word_1_178' title='bbox 1034 2229 1146 2287; x_wconf 85' lang='lat' dir='ltr'><strong>familia</strong></span> <span class='ocrx_word' id='word_1_179' title='bbox 1170 2239 1323 2305; x_wconf 85' lang='lat' dir='ltr'><strong>praeterea</strong></span> <span class='ocrx_word' id='word_1_180' title='bbox 1349 2230 1476 2306; x_wconf 82' lang='lat' dir='ltr'><strong>ignotus.</strong></span> 
     </span>
    </p>
   </div>
   <div class='ocr_carea' id='block_1_3' title="bbox 486 2437 1145 2500">
    <p class='ocr_par' dir='ltr' id='par_1_5' title="bbox 486 2437 1145 2500">
     <span class='ocr_line' id='line_1_18' title="bbox 486 2437 1145 2500; baseline -0.002 -2"><span class='ocrx_word' id='word_1_181' title='bbox 486 2438 539 2498; x_wconf 90' lang='lat' dir='ltr'><strong>Tl.</strong></span> <span class='ocrx_word' id='word_1_182' title='bbox 563 2437 730 2500; x_wconf 79' lang='lat' dir='ltr'>CAESAR</span> <span class='ocrx_word' id='word_1_183' title='bbox 751 2440 843 2499; x_wconf 90' lang='lat' dir='ltr'>DIVI</span> <span class='ocrx_word' id='word_1_184' title='bbox 865 2441 901 2500; x_wconf 87' lang='lat' dir='ltr'><strong>F.</strong></span> <span class='ocrx_word' id='word_1_185' title='bbox 924 2438 1145 2500; x_wconf 83' lang='lat' dir='ltr'>AVGVSTVS</span> 
     </span>
    </p>
   </div>
   <div class='ocr_carea' id='block_1_4' title="bbox 356 2987 1415 4785">
    <p class='ocr_par' dir='ltr' id='par_1_6' title="bbox 356 2987 1415 4785">
     <span class='ocr_line' id='line_1_19' title="bbox 462 2987 1047 3027; baseline 0 -2"><span class='ocrx_word' id='word_1_186' title='bbox 462 2987 489 3025; x_wconf 84' lang='lat' dir='ltr'><strong>nr</strong></span> <span class='ocrx_word' id='word_1_187' title='bbox 513 3011 1047 3027; x_wconf 88' lang='lat'><strong>..................</strong></span> 
     </span>
     <span class='ocr_line' id='line_1_20' title="bbox 460 3069 1030 3149; baseline -0.004 -19"><span class='ocrx_word' id='word_1_188' title='bbox 460 3070 497 3130; x_wconf 88' lang='grc' dir='ltr'><strong>Τ.</strong></span> <span class='ocrx_word' id='word_1_189' title='bbox 521 3069 659 3144; x_wconf 81' lang='lat' dir='ltr'><strong>Quintius</strong></span> <span class='ocrx_word' id='word_1_190' title='bbox 683 3069 837 3149; x_wconf 78' lang='lat' dir='ltr'><strong>Crispinus</strong></span> <span class='ocrx_word' id='word_1_191' title='bbox 861 3071 1030 3131; x_wconf 70' lang='lat' dir='ltr'><strong>Valerianus</strong></span> 
     </span>
     <span class='ocr_line' id='line_1_21' title="bbox 459 3171 947 3251; baseline 0.006 -21"><span class='ocrx_word' id='word_1_192' title='bbox 459 3171 495 3229; x_wconf 88' lang='lat' dir='ltr'><strong>L.</strong></span> <span class='ocrx_word' id='word_1_193' title='bbox 520 3171 702 3250; x_wconf 87' lang='lat' dir='ltr'><strong>Calpurnius</strong></span> <span class='ocrx_word' id='word_1_194' title='bbox 724 3174 798 3233; x_wconf 90' lang='lat' dir='ltr'><strong>Piso</strong></span> <span class='ocrx_word' id='word_1_195' title='bbox 818 3178 947 3251; x_wconf 56' lang='lat' dir='ltr'><strong>pontifex</strong></span> 
     </span>
     <span class='ocr_line' id='line_1_22' title="bbox 462 3256 991 3337; baseline 0.011 -6"><span class='ocrx_word' id='word_1_196' title='bbox 462 3274 500 3331; x_wconf 85' lang='lat' dir='ltr'><strong>M.</strong></span> <span class='ocrx_word' id='word_1_197' title='bbox 525 3273 673 3333; x_wconf 80' lang='lat' dir='ltr'><strong>Caecilius</strong></span> <span class='ocrx_word' id='word_1_198' title='bbox 695 3256 847 3336; x_wconf 88' lang='lat' dir='ltr'><strong>Cornutus</strong></span> <span class='ocrx_word' id='word_1_199' title='bbox 869 3278 991 3337; x_wconf 84' lang='lat' dir='ltr'><strong>Paullus</strong></span> 
     </span>
     <span class='ocr_line' id='line_1_23' title="bbox 461 3376 990 3456; baseline 0.011 -23"><span class='ocrx_word' id='word_1_200' title='bbox 461 3376 572 3435; x_wconf 82' lang='lat' dir='ltr'><strong>Fabius</strong></span> <span class='ocrx_word' id='word_1_201' title='bbox 595 3378 736 3436; x_wconf 88' lang='lat' dir='ltr'><strong>Persicus</strong></span> <span class='ocrx_word' id='word_1_202' title='bbox 759 3377 814 3438; x_wconf 90' lang='lat' dir='ltr'><strong>Co.</strong></span> <span class='ocrx_word' id='word_1_203' title='bbox 837 3379 990 3456; x_wconf 84' lang='lat' dir='ltr'><strong>Pompeius</strong></span> 
     </span>
     <span class='ocr_line' id='line_1_24' title="bbox 459 3498 553 3555; baseline -0.011 -19"><span class='ocrx_word' id='word_1_204' title='bbox 459 3498 553 3555; x_wconf 82' lang='lat' dir='ltr'><strong>angor</strong></span> 
     </span>
     <span class='ocr_line' id='line_1_25' title="bbox 357 3578 1029 3644; baseline 0.01 -7"><span class='ocrx_word' id='word_1_205' title='bbox 357 3580 404 3638; x_wconf 88' lang='lat' dir='ltr'><strong>Ti.</strong></span> <span class='ocrx_word' id='word_1_206' title='bbox 428 3578 559 3639; x_wconf 78' lang='lat' dir='ltr'><strong>Caesare</strong></span> <span class='ocrx_word' id='word_1_207' title='bbox 580 3581 645 3639; x_wconf 93' lang='lat' dir='ltr'><strong>llll</strong></span> <span class='ocrx_word' id='word_1_208' title='bbox 671 3583 770 3642; x_wconf 89' lang='lat' dir='ltr'><strong>Druso</strong></span> <span class='ocrx_word' id='word_1_209' title='bbox 796 3584 919 3644; x_wconf 82' lang='lat' dir='ltr'><strong>Caesare</strong></span> <span class='ocrx_word' id='word_1_210' title='bbox 940 3590 963 3643; x_wconf 81' lang='lat' dir='ltr'><strong>a·</strong></span> <span class='ocrx_word' id='word_1_211' title='bbox 983 3604 1029 3644; x_wconf 87' lang='lat' dir='ltr'><strong>cas</strong></span> 
     </span>
     <span class='ocr_line' id='line_1_26' title="bbox 617 3685 1006 3763; baseline 0.005 -20"><span class='ocrx_word' id='word_1_212' title='bbox 617 3685 662 3743; x_wconf 92' lang='lat' dir='ltr'><strong>Ill</strong></span> <span class='ocrx_word' id='word_1_213' title='bbox 685 3686 799 3763; x_wconf 85' lang='lat' dir='ltr'><strong>eid(us)</strong></span> <span class='ocrx_word' id='word_1_214' title='bbox 821 3687 1006 3763; x_wconf 86' lang='lat' dir='ltr'><strong>Ian(oarias)</strong></span> 
     </span>
     <span class='ocr_line' id='line_1_27' title="bbox 458 3784 1044 3865; baseline 0.01 -22"><span class='ocrx_word' id='word_1_215' title='bbox 458 3785 494 3845; x_wconf 87' lang='lat' dir='ltr'><strong>T.</strong></span> <span class='ocrx_word' id='word_1_216' title='bbox 520 3784 676 3859; x_wconf 84' lang='lat' dir='ltr'><strong>Quinctius</strong></span> <span class='ocrx_word' id='word_1_217' title='bbox 700 3786 853 3865; x_wconf 76' lang='lat' dir='ltr'><strong>Crispinus</strong></span> <span class='ocrx_word' id='word_1_218' title='bbox 875 3791 1044 3849; x_wconf 73' lang='lat' dir='ltr'><strong>Valerianus</strong></span> 
     </span>
     <span class='ocr_line' id='line_1_28' title="bbox 460 3890 920 3969; baseline 0.015 -25"><span class='ocrx_word' id='word_1_219' title='bbox 460 3907 536 3965; x_wconf 83' lang='lat' dir='ltr'><strong>mag.</strong></span> <span class='ocrx_word' id='word_1_220' title='bbox 560 3890 697 3948; x_wconf 86' lang='lat' dir='ltr'><strong>manibus</strong></span> <span class='ocrx_word' id='word_1_221' title='bbox 720 3891 806 3950; x_wconf 81' lang='lat' dir='ltr'><strong>lautis</strong></span> <span class='ocrx_word' id='word_1_222' title='bbox 828 3897 920 3969; x_wconf 84' lang='lat' dir='ltr'><strong>capite</strong></span> 
     </span>
     <span class='ocr_line' id='line_1_29' title="bbox 458 3991 965 4052; baseline 0.012 -7"><span class='ocrx_word' id='word_1_223' title='bbox 458 3991 556 4048; x_wconf 82' lang='lat' dir='ltr'><strong>velato</strong></span> <span class='ocrx_word' id='word_1_224' title='bbox 579 3993 634 4049; x_wconf 91' lang='lat' dir='ltr'><strong>snb</strong></span> <span class='ocrx_word' id='word_1_225' title='bbox 656 3993 723 4050; x_wconf 85' lang='lat' dir='ltr'><strong>diva</strong></span> <span class='ocrx_word' id='word_1_226' title='bbox 746 4004 844 4051; x_wconf 83' lang='lat' dir='ltr'><strong>cantra</strong></span> <span class='ocrx_word' id='word_1_227' title='bbox 866 4000 965 4052; x_wconf 68' lang='lat' dir='ltr'><strong>ment·</strong></span> 
     </span>
     <span class='ocr_line' id='line_1_30' title="bbox 458 4093 916 4155; baseline 0.009 -4"><span class='ocrx_word' id='word_1_228' title='bbox 458 4112 504 4151; x_wconf 88' lang='lat' dir='ltr'><strong>em</strong></span> <span class='ocrx_word' id='word_1_229' title='bbox 527 4093 702 4151; x_wconf 83' lang='lat' dir='ltr'><strong>sacrificium</strong></span> <span class='ocrx_word' id='word_1_230' title='bbox 723 4097 916 4155; x_wconf 73' lang='lat' dir='ltr'><strong>inuisitatas</strong></span> 
     </span>
     <span class='ocr_line' id='line_1_31' title="bbox 457 4195 549 4253; baseline -0.022 0"><span class='ocrx_word' id='word_1_231' title='bbox 457 4195 549 4253; x_wconf 82' lang='lat' dir='ltr'><strong>Diae:</strong></span> 
     </span>
     <span class='ocr_line' id='line_1_32' title="bbox 356 4294 890 4376; baseline 0.013 -25"><span class='ocrx_word' id='word_1_232' title='bbox 356 4294 445 4369; x_wconf 82' lang='lat' dir='ltr'><strong>Quod</strong></span> <span class='ocrx_word' id='word_1_233' title='bbox 468 4296 722 4371; x_wconf 70' lang='lat' dir='ltr'><strong>bonumfossatum</strong></span> <span class='ocrx_word' id='word_1_234' title='bbox 736 4301 812 4374; x_wconf 73' lang='lat' dir='ltr'><strong>salsa</strong></span> <span class='ocrx_word' id='word_1_235' title='bbox 826 4305 890 4376; x_wconf 82' lang='lat' dir='ltr'><strong>for-</strong></span> 
     </span>
     <span class='ocr_line' id='line_1_33' title="bbox 461 4401 1415 4480; baseline 0 -24"><span class='ocrx_word' id='word_1_236' title='bbox 461 4407 653 4475; x_wconf 81' lang='lat' dir='ltr'><strong>tunatumque</strong></span> <span class='ocrx_word' id='word_1_237' title='bbox 674 4406 710 4460; x_wconf 85' lang='lat' dir='ltr'><strong>sit</strong></span> <span class='ocrx_word' id='word_1_238' title='bbox 727 4404 867 4480; x_wconf 85' lang='lat' dir='ltr'><strong>p(opulo)</strong></span> <span class='ocrx_word' id='word_1_239' title='bbox 889 4403 1042 4480; x_wconf 86' lang='lat' dir='ltr'><strong>R(ontano)</strong></span> <span class='ocrx_word' id='word_1_240' title='bbox 1067 4402 1253 4477; x_wconf 81' lang='lat' dir='ltr'><strong>Q(uiritilus)</strong></span> <span class='ocrx_word' id='word_1_241' title='bbox 1268 4401 1415 4476; x_wconf 80' lang='lat' dir='ltr'><strong>fratribus</strong></span> 
     </span>
     <span class='ocr_line' id='line_1_34' title="bbox 456 4503 1024 4581; baseline 0.007 -22"><span class='ocrx_word' id='word_1_242' title='bbox 456 4520 512 4578; x_wconf 91' lang='lat' dir='ltr'><strong>que</strong></span> <span class='ocrx_word' id='word_1_243' title='bbox 536 4503 693 4562; x_wconf 84' lang='lat' dir='ltr'><strong>Arvalibus</strong></span> <span class='ocrx_word' id='word_1_244' title='bbox 721 4506 754 4561; x_wconf 85' lang='lat' dir='ltr'><strong>Ti</strong></span> <span class='ocrx_word' id='word_1_245' title='bbox 787 4507 906 4564; x_wconf 81' lang='lat' dir='ltr'><strong>Caesari</strong></span> <span class='ocrx_word' id='word_1_246' title='bbox 929 4510 1024 4581; x_wconf 79' lang='lat' dir='ltr'><strong>Aupu·</strong></span> 
     </span>
     <span class='ocr_line' id='line_1_35' title="bbox 459 4604 967 4682; baseline 0.006 -20"><span class='ocrx_word' id='word_1_247' title='bbox 459 4614 516 4675; x_wconf 86' lang='lat' dir='ltr'><strong>sto,</strong></span> <span class='ocrx_word' id='word_1_248' title='bbox 539 4604 632 4664; x_wconf 85' lang='lat' dir='ltr'><strong>Iuliae</strong></span> <span class='ocrx_word' id='word_1_249' title='bbox 653 4609 802 4682; x_wconf 78' lang='lat' dir='ltr'><strong>Aupustaa</strong></span> <span class='ocrx_word' id='word_1_250' title='bbox 824 4618 850 4665; x_wconf 79' lang='lat' dir='ltr'><strong>et</strong></span> <span class='ocrx_word' id='word_1_251' title='bbox 871 4607 967 4665; x_wconf 75' lang='lat' dir='ltr'><strong>liberis</strong></span> 
     </span>
     <span class='ocr_line' id='line_1_36' title="bbox 458 4710 980 4785; baseline 0.002 -21"><span class='ocrx_word' id='word_1_252' title='bbox 458 4710 613 4785; x_wconf 89' lang='lat' dir='ltr'><strong>nepotibus</strong></span> <span class='ocrx_word' id='word_1_253' title='bbox 636 4715 742 4785; x_wconf 82' lang='lat' dir='ltr'><strong>totique</strong></span> <span class='ocrx_word' id='word_1_254' title='bbox 762 4711 856 4767; x_wconf 79' lang='lat' dir='ltr'><strong>domui</strong></span> <span class='ocrx_word' id='word_1_255' title='bbox 877 4728 980 4780; x_wconf 84' lang='lat' dir='ltr'><strong>aarum,</strong></span> 
     </span>
    </p>
   </div>
   <div class='ocr_carea' id='block_1_5' title="bbox 212 4807 1133 4989">
    <p class='ocr_par' dir='ltr' id='par_1_7' title="bbox 212 4807 1133 4989">
     <span class='ocr_line' id='line_1_37' title="bbox 458 4807 1066 4871; baseline 0.002 -2"><span class='ocrx_word' id='word_1_256' title='bbox 458 4807 637 4869; x_wconf 85' lang='lat' dir='ltr'><strong>Sacrificium</strong></span> <span class='ocrx_word' id='word_1_257' title='bbox 658 4812 728 4869; x_wconf 77' lang='lat' dir='ltr'><strong>cleas</strong></span> <span class='ocrx_word' id='word_1_258' title='bbox 748 4811 826 4869; x_wconf 81' lang='lat' dir='ltr'><strong>Diae</strong></span> <span class='ocrx_word' id='word_1_259' title='bbox 847 4811 898 4870; x_wconf 77' lang='lat' dir='ltr'><strong>loc</strong></span> <span class='ocrx_word' id='word_1_260' title='bbox 918 4831 993 4869; x_wconf 89' lang='lat' dir='ltr'><strong>anno</strong></span> <span class='ocrx_word' id='word_1_261' title='bbox 1015 4818 1066 4871; x_wconf 81' lang='lat' dir='ltr'><strong>erit</strong></span> 
     </span>
     <span class='ocr_line' id='line_1_38' title="bbox 212 4911 1133 4989; baseline 0.005 -23"><span class='ocrx_word' id='word_1_262' title='bbox 212 4926 240 4966; x_wconf 76' lang='lat' dir='ltr'><strong>ao</strong></span> <span class='ocrx_word' id='word_1_263' title='bbox 517 4933 544 4970; x_wconf 88' lang='lat' dir='ltr'><strong>a.</strong></span> <span class='ocrx_word' id='word_1_264' title='bbox 567 4913 594 4969; x_wconf 91' lang='lat' dir='ltr'><strong>d.</strong></span> <span class='ocrx_word' id='word_1_265' title='bbox 619 4911 667 4968; x_wconf 90' lang='lat' dir='ltr'><strong>VI</strong></span> <span class='ocrx_word' id='word_1_266' title='bbox 679 4912 722 4987; x_wconf 76' lang='lat' dir='ltr'><strong>(l)</strong></span> <span class='ocrx_word' id='word_1_267' title='bbox 744 4912 912 4989; x_wconf 82' lang='lat' dir='ltr'><strong>kal(cntlas)</strong></span> <span class='ocrx_word' id='word_1_268' title='bbox 937 4916 1037 4973; x_wconf 82' lang='lat' dir='ltr'><strong>Iunias</strong></span> <span class='ocrx_word' id='word_1_269' title='bbox 1060 4917 1133 4972; x_wconf 69' lang='lat' dir='ltr'><strong>datm</strong></span> 
     </span>
    </p>
   </div>
   <div class='ocr_carea' id='block_1_6' title="bbox 193 5178 1472 5261">
    <p class='ocr_par' dir='ltr' id='par_1_8' title="bbox 193 5178 1472 5261">
     <span class='ocr_line' id='line_1_39' title="bbox 193 5178 1472 5261; baseline 0 -27"><span class='ocrx_word' id='word_1_270' title='bbox 193 5178 233 5235; x_wconf 78' lang='lat'><strong>20</strong></span> <span class='ocrx_word' id='word_1_271' title='bbox 261 5180 359 5237; x_wconf 88' lang='lat' dir='ltr'><strong>littera</strong></span> <span class='ocrx_word' id='word_1_272' title='bbox 386 5182 481 5256; x_wconf 87' lang='lat' dir='ltr'><strong>prima</strong></span> <span class='ocrx_word' id='word_1_273' title='bbox 509 5198 529 5237; x_wconf 89' lang='lat' dir='ltr'><strong>o</strong></span> <span class='ocrx_word' id='word_1_274' title='bbox 558 5182 640 5240; x_wconf 86' lang='lat' dir='ltr'><strong>valde</strong></span> <span class='ocrx_word' id='word_1_275' title='bbox 667 5182 794 5240; x_wconf 83' lang='lat' dir='ltr'><strong>evanida</strong></span> <span class='ocrx_word' id='word_1_276' title='bbox 821 5194 881 5251; x_wconf 76' lang='lat' dir='ltr'><strong>est,</strong></span> <span class='ocrx_word' id='word_1_277' title='bbox 907 5193 980 5240; x_wconf 82' lang='lat' dir='ltr'><strong>etv</strong></span> <span class='ocrx_word' id='word_1_278' title='bbox 1006 5194 1034 5242; x_wconf 93' lang='lat' dir='ltr'><strong>et</strong></span> <span class='ocrx_word' id='word_1_279' title='bbox 1056 5194 1196 5261; x_wconf 89' lang='lat' dir='ltr'><strong>puuctum</strong></span> <span class='ocrx_word' id='word_1_280' title='bbox 1218 5183 1298 5258; x_wconf 88' lang='lat' dir='ltr'><strong>quod</strong></span> <span class='ocrx_word' id='word_1_281' title='bbox 1321 5179 1472 5257; x_wconf 87' lang='lat' dir='ltr'><strong>praecedit</strong></span> 
     </span>
    </p>
   </div>
   <div class='ocr_carea' id='block_1_7' title="bbox 0 0 1904 5910">
    <p class='ocr_par' dir='ltr' id='par_1_9' title="bbox 0 0 1904 5910">
     <span class='ocr_line' id='line_1_40' title="bbox 0 0 1904 5910; baseline 0 5"><span class='ocrx_word' id='word_1_282' title='bbox 0 0 1904 5910; x_wconf 95' lang='lat' dir='ltr'><strong> </strong></span> 
     </span>
    </p>
   </div>
  </div>
 </body>
</html>
