3798 5910
468 465 541 535 346
984 484 1253 539 nnutrsuunrn

466 658 585 734 dignum
606 676 675 718 esse
697 675 814 716 censeo.
851 657 1008 733 Quodnam
1025 678 1096 717 vero
1116 660 1280 718 aedificium
1303 678 1338 718 eo
1358 669 1609 735 repraesentatum
1624 660 1673 729 sit,
1697 634 1804 734 quae·¹

466 761 567 818 rimus.
612 760 660 819 De
682 761 838 836 tetrastylo
860 762 1002 837 cogitarit
1018 763 1153 833 Abekeu,
1175 762 1211 818 de
1226 759 1373 820 Caesareo
1394 762 1609 831 Melchiorrius‚
1632 774 1785 837 utrumque

466 864 494 918 in
519 862 615 919 medio
636 862 778 938 relinquit
800 863 836 920 de
850 862 940 920 Rossi
963 862 1087 938 (Annali
1107 864 1182 922 1858
1206 884 1232 940 p.
1250 864 1314 937 58).
1355 863 1558 940 Tetrastylum
1581 883 1654 921 sane
1677 866 1706 920 in
1726 882 1784 937 quo
1875 912 1876 935 1

466 965 617 1022 duodecim
646 965 773 1023 Arvales
799 966 989 1042 epularentur
1010 965 1175 1023 aedificium
1203 966 1367 1042 spatiosum
1394 976 1423 1023 et
1449 967 1576 1041 amplum
1604 966 1699 1024 fuisse
1724 984 1785 1023 cre·
1875 938 1876 959 l

466 1067 593 1124 dendum
616 1077 674 1125 est:
703 1064 852 1125 Caesareo
876 1067 939 1124 sive
966 1068 1056 1124 heroo
1083 1068 1286 1125 detunctorum
1314 1067 1525 1143 imperatorum
1554 1068 1673 1125 minime
1698 1079 1785 1142 aptae

466 1179 535 1225 sunt
556 1168 760 1245 inscriptiones
784 1170 825 1226 ita
847 1178 1006 1243 conceptae
1034 1179 1066 1227 ut
1087 1170 1164 1228 viris
1191 1170 1343 1229 dedicatae
1366 1170 1533 1237 videantur,
1565 1169 1690 1227 sortasse
1718 1181 1787 1244 post

465 1271 692 1347 cooptationem.
741 1267 872 1329 Omnino
894 1271 922 1326 id
947 1271 1105 1329 nuendum
1128 1281 1181 1343 est,
1205 1271 1368 1330 aediculam
1393 1273 1539 1347 pertinere
1561 1271 1598 1329 ud
1620 1272 1787 1329 norissima

464 1374 582 1449 collegii
605 1372 788 1446 temporu¹)‚
811 1382 840 1429 et
861 1373 999 1443 sortasse,
1023 1373 1168 1448 siquidem
1191 1394 1229 1432 ex
1253 1374 1364 1432 ultimis
1386 1375 1485 1431 verbis
1507 1373 1617 1431 Perutii
1639 1383 1787 1431 restaura·

464 1486 521 1533 tum
545 1476 583 1533 al
604 1474 771 1550 terminu
798 1475 996 1533 coniecturam
1024 1494 1130 1550 capere
1156 1477 1237 1543 licet,
1265 1495 1283 1532 a
1309 1474 1464 1535 Gordiano
1489 1477 1655 1533 restitutam
1682 1475 1786 1532 fuisse.
1875 1512 1876 1525 1

466 1579 563 1653 Atque
585 1579 726 1635 hactenus
748 1577 866 1651 quidem
890 1577 927 1634 de
948 1577 1090 1636 aedicula.

547 1681 607 1737 lam
630 1690 816 1737 transeamus
839 1679 877 1736 ad
899 1698 935 1737 es
956 1678 1091 1737 aedificia
1111 1698 1188 1754 quae
1214 1681 1290 1738 inter
1312 1681 1390 1738 vium
1413 1678 1596 1756 Campanam
1623 1690 1653 1737 et
1681 1679 1786 1735 collem
1875 1710 1876 1753 p

464 1782 523 1839 situ
544 1796 637 1839 erunt.
679 1784 726 1839 Ac
747 1800 840 1856 panca
862 1780 979 1856 quidem
1003 1781 1165 1855 praefanda
1186 1792 1255 1840 sunt
1276 1783 1312 1842 de
1335 1782 1421 1841 titulo
1442 1800 1527 1858 quem
1551 1782 1588 1839 ad
1604 1778 1786 1838 Caesareum
1875 1760 1876 1773 ἵ

465 1884 642 1960 pertinuisse
663 1883 790 1941 coniecit
811 1883 981 1941 Henzenus.
1026 1882 1059 1940 ln
1084 1896 1168 1960 parte
1189 1885 1325 1942 orientali
1348 1885 1475 1943 aedificii
1497 1884 1626 1951 rotundi,
1648 1902 1714 1940 cum
1737 1901 1786 1940 so·
1875 1938 1876 1941 ,

464 1985 523 2043 lum
554 1985 764 2043 effossionibus
794 1993 966 2060 temptatum
997 1995 1043 2042 est
1072 2004 1097 2042 a.
1124 1984 1201 2042 1861
1230 1987 1381 2062 apparuit,
1416 1998 1447 2044 ut
1475 1997 1599 2044 testetur
1626 1984 1787 2043 Hensenus

465 2107 491 2163 p.
508 2087 567 2145 XV
590 2083 697 2145 ‘moles
722 2088 811 2163 plana
832 2086 932 2161 operis
956 2090 1062 2145 vetusti
1088 2106 1126 2145 ex
1148 2087 1230 2145 calce
1256 2099 1285 2146 et
1311 2089 1403 2165 topho
1430 2088 1608 2164 compositu
1635 2098 1664 2144 et
1694 2106 1787 2163 prope

463 2209 528 2247 eam
551 2208 626 2248 saxu
648 2207 754 2265 mugna
781 2206 946 2247 marmorea
971 2188 1082 2246 effossa
1109 2199 1192 2262 sunt,
1220 2189 1281 2247 alia
1305 2190 1406 2261 rudis,
1434 2191 1494 2248 alis
1520 2189 1631 2248 affabre
1658 2189 1785 2264 sculpta,

463 2293 539 2349 inter
560 2311 636 2367 quae
657 2291 823 2368 fragmenta
844 2291 989 2366 quaedam
1012 2292 1149 2349 iacebant
1168 2301 1331 2350 statuarum
1347 2302 1378 2350 et
1391 2292 1629 2369 anaglyphomm
1645 2292 1786 2349 frustula·

463 2412 519 2468 que
543 2394 686 2451 nonnulla
707 2403 839 2450 actorum
863 2388 1038 2450 Arvalium’.
1088 2392 1268 2469 Fragmenta
1295 2393 1375 2453 edita
1402 2395 1439 2452 ab
1461 2394 1604 2452 Henzeno
1631 2394 1787 2470 (relatione

463 2516 491 2573 p.
508 2495 569 2567 XI,
598 2497 676 2552 Actu
698 2515 725 2572 p.
742 2494 845 2552 XXll.
868 2493 993 2565 XXlll3
1021 2492 1181 2554 ac.1.L.
1206 2496 1264 2552 vol.
1281 2495 1325 2553 Vl
1346 2496 1445 2571 abest)
1473 2508 1578 2572 postea
1599 2497 1627 2552 in
1651 2513 1784 2553 museum

462 2598 608 2656 translata
633 2608 661 2653 et
687 2597 796 2655 rectius
822 2597 987 2671 composita
1020 2608 1101 2668 sunt,
1133 2606 1313 2673 quapropter
1345 2599 1392 2656 hic
1425 2610 1526 2673 repeto
1559 2598 1713 2655 lectionem
1748 2597 1786 2654 ad

463 2709 599 2776 ectypum
622 2699 778 2757 collatam:

615 2852 660 2925 Μ
680 2760 1036 3034 ᾕΑῆῖΕ-ἷέςῦῖβὸλ
1374 2879 1421 2927 ne.
1441 2879 1484 2927 111.
1504 2895 1539 2929 m.
1552 2880 1633 2929 onas

922 2976 942 3034 F
956 2977 982 3034 R

1554 2990 1635 3038 onst>

1144 3056 1269 3185 ‘ST

619 3126 675 3178 (...
696 3132 728 3164 m.
746 3117 807 3165 140
826 3125 866 3179 ..)
967 3030 1011 3146 s
1124 3109 1167 3191 (E
1554 3115 1634 3165 0175

1125 3204 1168 3295 &u
1182 3112 1277 3383 Γ.)
1555 3228 1618 3275 014

1169 3284 1217 3365 Ni

545 3429 634 3488 Recte
657 3428 776 3506 negavit
793 3428 965 3500 Henzenue‚
988 3430 1155 3507 fragmenta
1176 3429 1218 3487 ita
1239 3429 1378 3505 coniungi
1399 3448 1487 3503 posse
1509 3441 1540 3487 ut
1559 3444 1669 3488 enarres
1689 3449 1783 3487 anam

461 3531 530 3589 inde
557 3531 713 3590 efficiatur:
744 3550 802 3589 non
830 3531 926 3589 solum
953 3542 1093 3608 punctum
1119 3532 1195 3589 inter
1222 3548 1237 3589 s
1262 3546 1292 3589 et
1316 3550 1336 3590 Α
1361 3531 1515 3604 deficiens,
1546 3533 1598 3589 sed
1621 3532 1782 3591 litterarum

463 3633 634 3711 magnitudo
656 3652 728 3691 ssne
749 3633 868 3691 diversa
890 3633 1013 3709 impedit
1034 3635 1191 3710 quominus
1213 3635 1249 3690 ad
1274 3654 1361 3692 unum
1385 3652 1501 3691 versum
1525 3636 1704 3711 pertinuisse
1719 3655 1780 3693 cre·

461 3735 575 3793 damus.
613 3734 764 3794 Tenemus
786 3736 876 3812 igitur
899 3735 1040 3810 reliquias
1062 3736 1140 3793 tituli
1164 3737 1273 3812 magni,
1295 3737 1431 3794 versibus
1455 3754 1512 3794 uon
1534 3737 1629 3795 minus
1644 3748 1783 3812 quattuor

461 3837 631 3914 conscripti,
654 3837 769 3895 exarati
793 3856 852 3896 uon
876 3838 904 3895 in
925 3837 1024 3914 lapide
1041 3856 1109 3908 uuo,
1132 3837 1184 3895 sed
1200 3838 1334 3896 duobus:
1357 3857 1425 3896 uam
1440 3857 1532 3916 supra
1546 3838 1659 3896 Valerii
1676 3858 1781 3896 nomen
1875 3866 1876 3891 1

461 3947 490 3996 et
510 3939 587 3996 inira
609 3940 723 3998 litteras
745 3956 801 3997 sna
824 3941 917 3997 sectio
939 3939 1047 4015 lapidis
1070 3941 1193 4015 antiqua
1214 3959 1309 4016 euque
1331 3940 1422 4016 planu
1442 3950 1535 3999 extet.
1578 3941 1618 3998 M.
1632 3940 1781 3999 Valerium

460 4040 630 4099 Trebicium
657 4041 817 4100 Decianum
839 4041 890 4117 qui
918 4041 948 4098 in
976 4042 1050 4099 sctis
1077 4044 1184 4100 aetatis
1205 4041 1354 4100 Trsiunse
1380 4044 1501 4120 saepius
1527 4052 1781 4115 commemoratur,
1875 4036 1876 4107 ᾖ

538 4234 561 4298 ¹)
587 4236 617 4284 Id
643 4236 769 4285 effecerim
793 4252 825 4285 ex
848 4236 914 4285 serie
936 4236 1133 4299 imperatorum,
1157 4251 1222 4302 quae
1248 4238 1273 4286 in
1297 4251 1329 4288 eu
1351 4238 1483 4302 proposita
1506 4243 1590 4297 erant;
1617 4237 1717 4287 scilieet
1738 4238 1781 4286 sd·
1875 4258 1876 4279 1

424 4346 426 4351 ,
460 4338 519 4377 sunt
538 4329 684 4379 Hadrianus
703 4328 816 4388 (0.1.L.
836 4328 884 4390 v1‚
905 4327 977 4389 968),
999 4329 1147 4379 Antoninus
1168 4329 1229 4379 Pius
1249 4329 1293 4390 (lb.
1318 4330 1406 4391 1000),
1425 4330 1461 4379 Μ.
1483 4330 1604 4379 Aurelius
1624 4330 1670 4391 (ib.
1694 4329 1780 4389 1012),
1875 4372 1876 4397 q

460 4421 489 4468 L.
510 4422 592 4470 Verus
615 4420 660 4482 (ib.
684 4421 773 4483 lost),
799 4422 946 4472 Antoninus
965 4421 1055 4472 Severi
1074 4421 1092 4470 1.
1113 4421 1157 4481 (lb.
1180 4419 1273 4483 tous),
1298 4420 1446 4472 Gordlsnus
1465 4420 1510 4484 (ib.
1533 4422 1626 4482 1093):
1650 4422 1781 4486 quibussi

460 4513 590 4563 addideris
610 4512 779 4563 Commodum
796 4513 955 4563 Pertinacem
976 4513 1163 4574 Alexandrum,
1183 4513 1262 4564 hebes
1281 4528 1414 4564 numerum
1433 4515 1559 4578 integrum
1579 4515 1781 4579 σοι-1111111111)
1875 4534 1876 4589 q

460 4606 593 4655 Hadriano
612 4605 646 4654 sd
666 4605 843 4655 Alexandrum
863 4620 969 4669 regnum
987 4605 1153 4655 obtinuerunt
1170 4613 1196 4655 et
1218 4621 1327 4672 quorum
1351 4608 1475 4657 memoris
1497 4612 1556 4671 post
1578 4613 1687 4657 mortem
1711 4609 1780 4657 dam·
1875 4594 1876 4615 ¹

460 4704 523 4748 nata
548 4711 599 4747 non
623 4706 668 4747 est.
707 4698 825 4747 Ceterum
850 4698 923 4748 bsaes
947 4713 1037 4747 novem
1058 4699 1120 4747 locis
1139 4698 1251 4762 antiquis
1270 4699 1325 4748 risa
1343 4712 1399 4748 esse
1417 4713 1434 4748 s
1452 4699 1556 4749 Perutio
1574 4708 1711 4749 auctorare
1729 4701 1781 4748 eiua

460 4805 512 4840 non
542 4805 588 4854 pro
616 4797 685 4839 certo
713 4790 895 4839 affirmaverim
920 4796 1025 4854 propter
1050 4791 1169 4854 spatium.
1214 4791 1297 4841 Unica
1320 4806 1386 4855 quae
1410 4799 1524 4856 superest
1548 4791 1617 4840 basis
1641 4790 1679 4854 (n.
1699 4794 1779 4851 10123

460 4884 574 4932 nuncin
594 4897 682 4930 museo
697 4883 832 4943 Vaticano,
854 4879 979 4931 Giurdino
993 4880 1062 4931 dello
1074 4879 1169 4946 Pa'9nu)
1190 4883 1242 4931 ima
1260 4890 1332 4947 parte
1345 4884 1397 4933 lats
1410 4892 1449 4932 est
1466 4899 1500 4932 m.
1515 4881 1591 4933 0.89:
1616 4883 1687 4933 linea
1705 4898 1780 4933 ouras

460 4976 556 5039 spsldis
575 4982 713 5023 metrorum
734 4977 767 5023 10
791 4989 936 5024 mensuram
959 4976 1100 5024 excessisse
1124 4990 1175 5024 non
1195 4974 1303 5025 videtur.
1346 4976 1445 5025 Novem
1466 4976 1592 5025 eiusmodi
1612 4974 1687 5025 beses
1706 4977 1782 5039 igitur

460 5068 496 5116 itu
518 5076 617 5116 tantum
641 5067 667 5115 in
691 5081 722 5115 ea
747 5067 855 5130 proponi
881 5077 1000 5130 possunt,
1025 5074 1052 5115 ut
1076 5067 1157 5116 altera
1180 5067 1254 5117 alteri
1274 5068 1346 5132 quasi
1371 5070 1490 5132 contigua
1514 5068 1559 5117 sit:
1584 5068 1611 5117 id
1630 5069 1701 5131 quod
1721 5083 1780 5118 saue

460 5159 628 5209 offensionem
648 5158 733 5208 habet.
