3798 5910
389 465 472 544 272'
710 432 713 437 .
1003 490 1100 542 sors

902 594 1085 601 ---—-——-.

388 666 589 739 consentiunt,
617 665 764 725 eiusmodi
789 684 930 743 pompam
952 672 1170 742 repraesentat,
1196 683 1262 722 eum
1284 664 1394 723 habent
1415 664 1577 740 fercula¹):
1605 664 1715 722 sed-de

388 769 436 828 his
459 768 508 826 alii
529 768 711 828 iudicabunt.
727 802 767 813 -
784 768 886 841 Pueri,
909 786 985 845 quos
1008 766 1114 827 deinde
1136 775 1202 826 acte
1222 767 1343 839 habent,
1364 768 1483 845 quinam
1505 765 1717 844 intellegantur

388 873 498 948 pariter
519 873 677 930 obscurum
700 882 758 930 est:
787 871 824 928 ad
846 878 987 930 canentes
1008 870 1135 929 XXVII
1163 870 1259 928 locum
1286 871 1436 948 pertinere
1457 873 1508 929 vix
1529 868 1716 941 crediderim,

390 975 524 1034 sednon
547 975 641 1051 magis
664 975 707 1032 sic
730 975 865 1032 videntur
887 983 966 1032 recte
989 972 1149 1050 significari
1172 980 1340 1032 venatores.
1363 1008 1400 1018 —
1423 972 1562 1052 Denique
1583 972 1663 1051 quod
1686 972 1717 1030 in

389 1077 546 1136 venatione
569 1075 611 1134 M.
628 1077 765 1153 Aprippa
784 1077 945 1153 quadripes
967 1076 1081 1154 [misit],
1107 1096 1143 1135 eo
1164 1076 1261 1147 ducit,
1282 1087 1314 1135 ut
1336 1096 1363 1135 v.
1382 1077 1440 1136 163
1462 1078 1504 1135 ita
1524 1076 1716 1155 expleamus:

389 1185 562 1239 venationem
584 1178 726 1255 dabimus
748 1189 775 1237 el
796 1179 878 1238 ludos
899 1183 1036 1239 circenses
1064 1179 1289 1255 committemus],
1318 1198 1394 1256 quae
1416 1181 1591 1240 circensium
1618 1187 1647 1236 et
1668 1197 1717 1235 ve-

391 1283 521 1343 nationis
545 1282 714 1341 coniunctio
741 1282 930 1361 aliquatenus
957 1281 1124 1340 defenditur
1145 1302 1181 1341 eo
1207 1283 1286 1360 quod
1309 1280 1454 1341 Claudius
1480 1284 1641 1360 imperator
1661 1281 1719 1338 cir·

391 1404 495 1444 censes
517 1385 667 1444 cummisit
687 1403 898 1461 nonnumquam
919 1388 1064 1444 interiecto
1081 1405 1137 1461 per
1152 1389 1253 1461 quince
1276 1389 1377 1444 misens
1395 1383 1592 1461 uenationel).
1630 1380 1719 1442 Simi-

391 1488 458 1547 liter
483 1488 569 1546 ludos
595 1486 790 1566 gladiatorios
818 1506 885 1546 cnm
911 1488 1093 1587 circensilpus
1124 1489 1297 1547 coniunctos
1330 1488 1495 1547 invenimus
1527 1489 1557 1545 in
1589 1485 1719 1545 scholico

391 1590 520 1668 quodam
542 1591 691 1667 colloquio
706 1589 815 1649 Latino
832 1588 960 1663 Graeco,
982 1590 1064 1666 quod
1085 1610 1178 1667 nuper
1197 1610 1236 1660 ex
1251 1591 1352 1650 codice
1366 1590 1530 1649 Harleiano
1545 1608 1599 1667 pro
1615 1588 1719 1647 nuntio

392 1694 551 1752 lectionum
573 1694 771 1753 aestiveorum
794 1712 820 1751 o.
837 1692 915 1752 1892
938 1693 1141 1752 universitatis
1156 1693 1293 1752 lenensis
1315 1692 1408 1751 edidit
1423 1690 1573 1770 Georgius
1588 1691 1719 1752 Goetze:

391 1790 442 1853 {dv
469 1788 565 1853 eriora
591 1798 698 1863 καλῶς,
730 1789 779 1865 τὴν
805 1792 894 1876 τρίτην
920 1786 1022 1879 einiger
1051 1787 1163 1855 iurando
1190 1794 1264 1852 ἔστιν
1295 1785 1344 1853 nni
1375 1789 1447 1861 nard
1480 1795 1574 1852 ταῦτα
1605 1791 1721 1877 &impar

392 1898 444 1975 (=
460 1899 539 1975 ludi)
564 1900 617 1956 τῶν
638 1887 821 1974 μονομάχων.
875 1897 1022 1976 Pompam
1049 1917 1168 1976 quoque
1193 1899 1326 1959 fortasse
1352 1898 1394 1956 ita
1420 1898 1520 1958 licebit
1547 1897 1657 1956 referre
1682 1894 1722 1954 ad

392 2005 543 2062 circenses
565 2003 666 2078 potius
688 2019 779 2079 quam
800 2001 839 2059 ad
861 2001 1056 2060 venationem.

724 2331 952 2394 IVSTITIVM.
996 2332 1161 2395 chsvs
1189 2332 1388 2395 MINVTVS.

476 2529 603 2588 Restant
624 2529 723 2606 capita
744 2529 804 2588 duo
827 2529 997 2608 singillatim
1018 2529 1250 2607 interpretanda.

477 2631 632 2691 Lndorum
654 2631 849 2690 saecularium
874 2631 938 2691 dies
961 2640 995 2691 ut
1018 2633 1200 2709 reliquorum
1225 2631 1361 2691 ludorum
1383 2631 1506 2691 feriatos
1528 2649 1595 2691 esse
1615 2633 1724 2691 debere

395 2737 552 2811 Augustus
575 2744 675 2793 monet
695 2735 726 2792 in
749 2734 879 2811 epistula
900 2734 1064 2793 v.13.14:
1091 2734 1319 2812 [dili]penterqne
1340 2738 1516 2794 memineritis
1540 2733 1649 2810 litiin[r
1667 2752 1724 2810 per

397 2856 442 2897 eoa
465 2840 525 2897 dies
547 2856 604 2896 non
625 2856 685 2895 eene
701 2837 921 2913 praestandum]
944 2839 1126 2896 audientium.
1163 2836 1225 2897 Res
1248 2848 1319 2897 nota
1340 2858 1379 2896 ex
1401 2836 1547 2896 Cicerone
1560 2836 1646 2896 Verr.
1667 2846 1723 2895 oct.

398 2943 424 3013 l,
443 2939 490 3013 10,
508 2939 545 2998 31
570 2939 705 3016 aliisque.
741 2938 922 2998 Abolitionis
944 2941 1168 3000 accusationum
1190 2940 1232 2998 ita
1253 2940 1474 3013 determinatae,
1502 2948 1534 2999 ut
1554 2940 1724 2999 accusatori

395 3044 488 3101 finitis
509 3042 587 3101 ludis
609 3043 688 3100 intra
710 3041 774 3100 dies
798 3042 917 3119 triginta
936 3045 1091 3120 proximos
1113 3062 1195 3102 reum
1211 3052 1346 3121 repetere
1360 3043 1457 3117 liceat,
1480 3051 1548 3103 acta
1563 3040 1726 3102 Severiana

395 3163 493 3222 neque
516 3154 614 3203 tamen
635 3145 710 3204 haec
732 3146 938 3204 meminerunt.

479 3246 618 3306 Edictum
641 3247 677 3305 de
699 3248 780 3306 luctu
802 3247 964 3307 omittendo
990 3248 1201 3326 periodorum
1225 3250 1423 3309 saecularium
1446 3249 1523 3323 dies,
1552 3248 1632 3326 qnod
1658 3266 1727 3323 pro·

397 3360 561 3427 posuerunt
580 3348 698 3408 XVviri
720 3349 762 3426 (v.
781 3351 972 3427 111-114);

555 3507 625 3566 Cam
647 3509 718 3566 dono
739 3527 815 3567 more
836 3518 863 3566 et
884 3509 1020 3585 proind[e
1041 3509 1191 3585 o]elebroto
1206 3510 1404 3586 frequentibus
1419 3511 1576 3587 extemplie,
1600 3509 1726 3585 quondo·

551 3609 681 3686 cnmq[ne
700 3610 791 3686 dueta
812 3613 934 3669 loetitiae
951 3612 1084 3688 pullione
1105 3632 1211 3671 comeo
1224 3614 1299 3687 snit,
1328 3614 1332 3691 l
1360 3617 1450 3671 minoi
1471 3613 1562 3671 luctum
1584 3621 1727 3670 rannone·

553 3711 642 3788 [r]nm
659 3712 812 3787 placuerit,
834 3715 920 3790 idque
942 3725 999 3773 tom
1017 3715 1193 3773 sollemnium
1207 3715 1367 3791 sacrorn[m
1389 3715 1587 3791 lJndoramqne
1609 3725 1728 3789 tenpore

551 3817 655 3889 referri
683 3816 687 3891 Ι
722 3815 926 3891 dilipenterpne
952 3816 1125 3893 opnervnrffl
1150 3820 1292 3893 pertinere
1319 3819 1451 3876 videatur
1476 3828 1501 3876 et
1528 3818 1569 3874 od
1597 3816 1729 3873 lionorem

552 3917 666 3974 deornm
687 3919 773 3975 etad
794 3917 980 3993 [m]emorinm
1001 3918 1091 3978 colias
1114 3938 1222 3990 eorunt,
1252 3924 1402 3979 etotnimna
1431 3921 1435 3996 l
1465 3919 1539 3994 offici
1558 3922 1649 3977 nostri
1670 3934 1729 3975 ease

549 4037 603 4095 per
625 4020 743 4078 edictum
766 4021 931 4078 denuntiare
945 4024 1072 4096 seminia,
1095 4026 1137 4079 nti
1158 4022 1262 4081 luctam
1283 4025 1422 4081 minuant.

347 4250 352 4257 ,
400 4185 433 4236 ut
454 4177 550 4253 ipsum
573 4176 694 4249 indicat,
722 4177 867 4237 sollemne
889 4178 954 4236 fuit.
998 4178 1139 4237 Minuitur
1157 4180 1265 4256 populo
1288 4181 1388 4252 lomna,
1415 4179 1458 4237 ait
1479 4177 1589 4237 Festus
1611 4198 1641 4256 p.
1660 4178 1728 4249 154,

404 4280 483 4337 aedis
506 4280 693 4350 dedicatione,
716 4299 777 4338 enm
799 4299 926 4338 centorea
950 4282 1069 4339 lustrum
1089 4284 1283 4353 condiderant,
1307 4302 1369 4341 com
1390 4291 1484 4341 votnm
1500 4284 1615 4358 publice
1636 4299 1728 4339 armoe-

397 4393 480 4459 ptum
502 4382 635 4439 solvitur.-
658 4381 783 4440 solvitur
805 4392 903 4440 eutem
926 4384 1014 4441 etiam
1037 4384 1113 4442 ludis
1137 4383 1340 4443 saecularibus
1358 4396 1458 4443 votum
1480 4384 1590 4443 factum
1613 4385 1643 4442 in
1664 4403 1730 4460 per-

401 4494 534 4562 petuum.
570 4483 681 4542 Errore
703 4484 767 4543 sine
789 4484 879 4543 dubio
902 4485 1060 4563 collegium
1082 4487 1208 4546 edictum
1231 4488 1390 4565 proposuit
1411 4498 1480 4564 post
1501 4486 1588 4546 ludos
1609 4494 1730 4562 coeptos

404 4587 502 4663 primo
524 4587 641 4645 demum
662 4606 763 4645 eorum
787 4586 843 4645 die.

406 4785 610 4795 -----.

482 4921 505 4985 1)
534 4923 624 4974 Edidit
647 4923 821 4989 anaglyphum
840 4925 986 4976 Avellinius
1011 4923 1115 4977 Bellen.
1135 4926 1245 4978 orcdeol.
1264 4924 1399 4995 Nopol.4
1423 4927 1517 4990 (1846)
1541 4928 1592 4978 tab.
1612 4928 1638 4989 13
1661 4926 1732 4976 dise·

405 5021 465 5066 runt
488 5016 520 5065 de
544 5032 575 5065 eo
593 5017 700 5067 Henzen
719 5014 823 5067 Balteo.
844 5012 905 5067 dell’
922 5016 984 5068 Inat.
1004 5021 1074 5069 1846
1093 5036 1118 5085 p.
1135 5018 1168 5069 89
1194 5027 1219 5070 et
1237 5020 1304 5071 Iahn
1323 5017 1440 5071 Bericdte
1464 5019 1510 5071 der
1528 5017 1624 5071 saecla.
1640 5018 1731 5070 Gesell

404 5106 487 5173 salust
508 5109 576 5159 1861
596 5126 622 5175 p.
638 5109 690 5160 315
710 5117 762 5159 not.
778 5111 822 5161 91.

482 5198 506 5265 ²)
537 5203 644 5255 Sueten.
663 5203 753 5253 Claud.
776 5205 818 5253 21.
