3798 5910
663 492 714 542 so
741 492 838 542 acra
868 492 1067 546 savamvu.
1451 474 1522 543 347

205 664 284 720 hunc
305 681 423 738 quoque
444 665 560 723 titulum
582 666 722 741 posuisse
744 667 817 725 satis
838 676 885 724 est
906 667 1070 743 probabile:
1093 684 1181 725 versu
1203 667 1290 724 tertio
1309 677 1406 725 utrum
1426 682 1525 724 rassa-

203 793 265 823 ω
287 767 467 824 nominatum
491 768 580 825 luerit
600 787 638 825 an
659 785 778 836 imperaror
798 784 896 827 casser
916 769 1024 844 aliquis
1046 768 1201 826 diiudicari
1223 769 1333 844 nequit.

289 866 425 926 Colloeat
445 869 646 946 Pellegrinius
668 870 745 927 inter
766 871 842 927 viam
865 883 894 929 et
915 879 1029 928 montes
1051 871 1158 929 balnea
1183 879 1212 926 et
1239 871 1362 944 circum,
1392 872 1468 929 lruuc
1494 873 1524 929 in

204 971 332 1027 confinio
355 972 506 1028 vinearum
531 972 668 1029 Molinari
691 984 721 1029 et
743 970 917 1043 Ceccarelli,
942 972 994 1029 illa
1017 973 1111 1049 magis
1133 972 1314 1031 occidentem
1336 991 1440 1031 versus
1463 973 1525 1031 clla

204 1072 293 1128 salita
313 1073 359 1129 del
383 1074 478 1131 Monte
500 1074 573 1132 delle
595 1073 688 1132 Picta.
743 1073 898 1147 Decimo,
922 1075 1006 1133 cuius
1028 1075 1170 1151 reliquiae
1194 1076 1267 1132 satis
1291 1075 1399 1133 multae
1422 1094 1524 1152 super-

205 1174 297 1231 fuisse
318 1175 454 1234 dicuutur
464 1175 503 1251 ¹),
530 1196 608 1234 nunc
630 1196 695 1235 cum
718 1177 818 1235 omnia
839 1192 919 1235 terra
941 1195 1043 1236 rursus
1065 1188 1142 1235 tecta
1163 1178 1237 1246 sint,
1263 1176 1426 1235 diiudicare
1449 1179 1525 1237 dilli-

205 1276 339 1349 cileest
367 1296 536 1353 quanquam
561 1280 642 1337 locus
665 1281 745 1338 circo
766 1280 930 1338 extruendo
953 1298 1010 1337 non
1033 1279 1106 1338 satis
1133 1279 1258 1337 idoneus
1285 1289 1330 1337 est
1356 1290 1384 1336 et
1411 1279 1525 1337 videtur

204 1379 356 1439 dubitasse
378 1379 548 1440 Henzenus.
597 1381 711 1440 Balnea
733 1401 803 1440 vero
829 1383 859 1440 in
886 1383 952 1440 luco
979 1382 1131 1440 Arvalium
1160 1382 1317 1439 memorari
1343 1399 1398 1439 suo
1424 1401 1524 1440 errore

205 1482 304 1554 posuit
330 1481 583 1559 Pellegrinius²);
612 1484 719 1542 rudera
740 1502 816 1558 quae
838 1484 876 1542 ad
899 1503 934 1541 ea
955 1484 1044 1541 refert
1066 1484 1153 1542 nimia
1182 1483 1271 1562 longe
1296 1484 1408 1542 distant
1435 1502 1523 1559 quam

203 1602 280 1657 quae
302 1585 338 1641 ad
361 1584 457 1642 lucum
479 1587 661 1662 pertinuisse
683 1586 847 1644 credamus.

286 1686 392 1744 Restat
419 1687 585 1746 aedificium
616 1688 745 1746 omnium
775 1688 1012 1758 celeberrimum,
1045 1688 1133 1746 aedes
1165 1688 1291 1746 rotunda
1323 1707 1410 1764 quam
1442 1688 1524 1745 Deae

203 1787 282 1846 Diae
308 1807 422 1847 sacram
451 1790 582 1848 credunt
631 1790 701 1866 Egit
728 1790 764 1846 de
791 1809 826 1847 ea
850 1789 997 1848 Rodullus
1018 1789 1199 1849 Lancianius
1228 1790 1321 1868 (apud
1348 1790 1523 1848 Henzenum

201 1890 343 1949 relazione
369 1912 396 1965 p.
420 1892 596 1967 105-107)
629 1893 849 1969 imaginemque
880 1896 1045 1952 restitutam
1072 1893 1101 1950 in
1129 1893 1239 1951 tabulis
1272 1913 1299 1950 n.
1324 1892 1361 1950 V.
1383 1891 1423 1949 vt
1458 1910 1523 1969 pro·

203 1994 311 2070 posuit.
365 1993 398 2051 ln
427 2012 486 2069 qua
513 1995 640 2071 imagine
671 1994 740 2052 licet
766 1996 909 2070 quaedam
937 2012 1030 2070 eaque
1059 2012 1117 2052 non
1146 1994 1223 2054 levia
1250 1994 1428 2071 corrigenda
1456 1995 1523 2065 siut,

202 2112 259 2152 nos
281 2096 519 2155 relictis'ceteris
541 2113 616 2170 quae
643 2096 680 2154 ad
709 2098 934 2155 architecturam
963 2096 1122 2174 pertinent,
1148 2096 1177 2154 id
1200 2116 1289 2155 unum
1313 2097 1523 2172 disquiremus,

201 2207 335 2255 actorum
359 2199 477 2257 tabulae
500 2210 596 2256 utrum
618 2218 722 2258 revera
742 2200 772 2258 in
795 2218 830 2257 eo
849 2199 915 2257 loco
938 2199 1056 2257 adfixae
1083 2199 1204 2270 luerint,
1231 2218 1318 2275 quem
1339 2197 1523 2261 Lancianius

202 2299 422 2375 Henzenuaque
443 2302 487 2359 eis
509 2301 750 2376 adsignavernnt‚
778 2302 891 2361 scilicet
911 2301 940 2359 in
963 2302 1111 2376 stylobate
1133 2301 1215 2361 aedis
1237 2302 1394 2372 rotundae,
1422 2320 1521 2359 necne.

203 2400 236 2459 Id
259 2404 377 2476 quidem
400 2404 599 2477 probaverunt
621 2406 671 2480 qui
694 2416 796 2463 nostra
817 2412 913 2462 aetate
935 2405 972 2461 de
994 2405 1075 2463 hisce
1097 2405 1279 2480 scripserunt
1300 2405 1329 2462 ni
1352 2403 1442 2461 fallor
1463 2421 1523 2460 om-

201 2523 267 2575 nes;
290 2513 360 2562 sunt
382 2516 479 2564 tamen
501 2526 578 2582 quae
600 2506 798 2566 dubitationes
821 2516 961 2564 moveant
983 2506 1057 2564 satis
1079 2524 1196 2583 graves.

285 2606 417 2665 Primum
441 2609 560 2667 tabulae
581 2628 655 2685 quas
677 2619 721 2667 tot
742 2620 772 2667 et
793 2617 891 2668 tantm
919 2610 1063 2667 habemus
1086 2609 1192 2686 planae
1215 2619 1285 2667 sunt
1305 2626 1423 2666 omnes:
1445 2608 1522 2667 unde

202 2708 226 2765 si
248 2710 382 2767 aedificio
404 2711 532 2768 rotundo
553 2730 605 2771 eas
627 2712 1038 2789 applicaveris‚-superficies
1060 2712 1166 2769 evadet
1186 2711 1310 2768 laterum
1334 2712 1401 2787 plus
1425 2712 1522 2769 minus

201 2813 354 2888 octoginta
374 2813 452 2871 inter
477 2831 509 2872 se
537 2817 609 2872 satis
637 2814 827 2872 diversorum.
880 2813 953 2872 Eam
981 2814 1087 2873 deinde
1113 2815 1155 2871 ita
1182 2814 1353 2890 inscriptam
1372 2831 1462 2895 esse,
1491 2824 1523 2871 nt

201 2914 360 2988 aliquoties
388 2915 466 2973 idem
498 2934 601 2976 versus
628 2917 658 2973 in
687 2917 796 2975 tabulis
825 2916 902 2975 binis
932 2917 1042 2993 angulo
1069 2917 1175 2974 obtuso
1201 2917 1284 2974 iuxta
1314 2916 1420 2992 positis
1453 2933 1521 2974 con-

201 3016 366 3074 tinuaretur
387 3017 429 3092 (v.
451 3037 494 3094 gr.
518 3039 545 3076 a.
562 3019 616 3095 90)
638 3019 725 3076 valde
748 3019 852 3078 mirum
875 3018 998 3077 videtur.

283 3118 400 3178 Deinde
422 3122 593 3180 consideres
617 3121 703 3178 velim
726 3121 852 3178 aedificii
875 3122 992 3179 rotundi
1015 3129 1189 3179 structuram
1219 3121 1338 3196 qualem
1364 3121 1523 3197 proposuit

200 3219 394 3281 Lancianius:
422 3223 619 3281 stereobatam
641 3243 678 3282 ex
702 3242 792 3299 opere
813 3223 926 3282 incerto
947 3224 1060 3300 pariete
1081 3222 1212 3279 latericio
1226 3223 1414 3281 extrinsecus
1437 3241 1522 3299 oper·

201 3333 272 3394 tum,
292 3325 337 3381 cui
361 3325 470 3384 affixae
493 3326 553 3383 sint
574 3335 706 3384 actorum
730 3326 863 3397 tabulae3
886 3344 978 3403 supra
999 3344 1065 3384 eum
1088 3325 1190 3401 templi
1214 3325 1354 3401 parietem
1374 3325 1471 3384 solido
1485 3326 1521 3382 do

200 3444 347 3484 marmore
369 3438 577 3486 constructum.
626 3428 702 3486 Tale
724 3428 889 3487 aedilicium
914 3428 1027 3486 Romae
1054 3437 1084 3487 et
1110 3437 1207 3485 aetate
1233 3429 1442 3503 imperatorum
1470 3447 1520 3486 ex·

201 3540 325 3588 tractum
350 3532 459 3589 frustra
480 3533 510 3588 ni
533 3531 622 3589 fallor
643 3533 834 3608 quaesiveris.

283 3632 377 3691 Multo
400 3653 470 3692 vero
491 3635 613 3710 gravius
635 3646 838 3712 argumentum
862 3652 898 3690 ex
922 3634 988 3711 ipsa
1014 3632 1179 3708 scripturae
1205 3632 1376 3691 condicione
1404 3635 1519 3709 petitur.

200 3733 328 3793 Constat
349 3737 425 3795 inter
447 3755 550 3795 omncs
573 3748 639 3795 acta
660 3747 784 3794 exarata
805 3754 871 3795 esse
898 3736 928 3795 iu
955 3735 1064 3794 tabulis
1090 3737 1203 3812 magnis
1231 3736 1420 3807 marmoreis,
1448 3755 1519 3812 qua·

198 3874 401 3882 —-.-—-—-

277 3966 299 4029 ¹)
320 3968 457 4031 Pallegrini
477 3984 501 4032 p.
517 3972 547 4019 8:
567 3971 591 4019 ai
608 3971 754 4037 scoprirono
773 3971 785 4018 ι’
802 3970 868 4019 meai
885 3968 917 4019 ed
932 3969 945 4017 i
960 3968 1067 4035 pilastra'
1088 3966 1132 4018 rie
1155 3983 1297 4034 repqeauno
1321 3966 1343 4017 le
1366 3968 1519 4017 amariori.

194 4061 267 4126 posti
284 4062 310 4109 in
330 4060 405 4122 linea,
425 4077 438 4111 e
457 4069 613 4128 quantunque
632 4064 683 4112 esai
692 4062 794 4128 somero
814 4061 843 4110 di
857 4063 1022 4128 proportioni
1038 4062 1130 4111 raineri
1147 4062 1171 4110 ai
1187 4062 1380 4110 mconosceoano
1399 4059 1478 4108 divisi
1494 4060 1519 4108 ia

198 4151 246 4201 dae
258 4152 309 4219 fila
327 4169 393 4203 corne
411 4154 476 4204 nello
496 4153 579 4205 nodio
599 4172 613 4203 o
632 4157 700 4206 circo
720 4154 749 4203 di
762 4153 917 4204 Aleaaarrdro
931 4152 1022 4204 Seuero
1041 4152 1107 4204 detto
1126 4153 1294 4219 oolqarnente
1310 4150 1383 4202 Circo
1397 4150 1519 4217 Ayoaale

197 4243 297 4296 Meatre
315 4246 356 4296 ael
377 4245 473 4297 sadetto
497 4248 509 4295 i
526 4246 645 4314 piedrattt'
666 4264 727 4297 sono
743 4247 853 4311 formati
875 4246 904 4295 di
922 4246 1139 4314 parallelepipedi
1161 4245 1190 4295 di
1212 4247 1362 4306 trmiertr'no,
1390 4244 1431 4294 nel
1452 4244 1520 4294 circo

197 4338 268 4404 deqle'
281 4339 375 4388 Arvalt'
392 4356 468 4390 erano
488 4341 618 4406 conpositi
635 4338 664 4388 di
680 4338 776 4405 prandi
791 4340 870 4388 maeri
887 4322 1070 4405 quadrdllrnpln'
1088 4339 1117 4389 dt'
1133 4338 1186 4402 tuso
1201 4338 1360 4403 protendenti
1374 4336 1443 4386 dalle
1460 4353 1521 4387 cave

196 4430 226 4479 di
241 4447 318 4498 porro
332 4429 455 4482 Pantaleo
474 4430 519 4482 else
537 4449 632 4481 ancora
650 4447 710 4481 sono
729 4434 757 4482 ia
775 4430 876 4481 attiuitr'r
894 4431 936 4481 nel
954 4430 1081 4481 medesimo
1101 4431 1184 4497 Inoqo.
1218 4429 1319 4480 Grande
1330 4430 1365 4494 sa
1383 4430 1405 4478 il
1421 4446 1520 4480 nantem

197 4516 235 4572 de'
255 4526 335 4574 nasei
351 4522 395 4575 cde
413 4541 519 4575 vermem
537 4525 649 4585 estratti,
673 4524 776 4590 iqaali
788 4526 880 4591 porcia
891 4524 988 4589 sarrano
1007 4526 1117 4590 aperanti
1138 4540 1183 4573 con
1206 4540 1287 4572 mazze
1302 4538 1351 4590 per
1365 4523 1415 4587 sar
1434 4525 1519 4590 pietra

197 4615 232 4665 da
251 4619 411 4678 anemone,
432 4635 450 4667 c
467 4619 567 4667 marna
585 4616 614 4666 di
632 4617 718 4667 alcuni
734 4616 781 4666 cde
796 4617 821 4666 ei
833 4633 927 4683 poaaro
946 4615 982 4666 ad
998 4632 1043 4666 aaa
1062 4615 1091 4665 de'
1108 4615 1185 4666 sedili
1201 4616 1242 4665 nel
1254 4615 1373 4682 praesule
1390 4615 1477 4666 inauri
1493 4615 1522 4664 nl

196 4711 284 4759 casino
303 4708 372 4760 della
389 4711 467 4776 oiqna
483 4709 623 4760 medeairna.

274 4807 298 4869 ²)
318 4810 421 4862 Scilicet
439 4811 466 4859 in
486 4811 549 4861 aeds
569 4810 660 4858 atla
681 4818 706 4857 ot
726 4810 776 4861 241
798 4809 943 4858 sacerdotes
963 4809 1083 4858 dicuntur
1101 4825 1118 4857 a
1137 4805 1233 4858 balneis
1255 4808 1294 4856 rel
1319 4807 1365 4856 loti
1386 4808 1413 4857 in
1435 4808 1519 4857 cathe-

195 4902 251 4951 drls
269 4902 423 4963 consedisse,
442 4902 487 4951 sed
507 4902 533 4951 id
553 4902 636 4966 primo
657 4902 699 4950 die
718 4902 781 4951 sacri
802 4917 889 4951 menae
903 4902 974 4951 Maio
988 4900 1117 4962 celebrati,
1137 4917 1187 4965 quo
1201 4902 1227 4950 in
1247 4899 1310 4949 urbe
1323 4901 1355 4950 ad
1370 4902 1519 4964 magistrum

195 4995 335 5043 convenire
353 4993 471 5044 solebant
487 4994 603 5055 (Henaen
622 5010 646 5059 p.
660 4994 774 5054 XXIII).
807 4993 962 5044 Balnearum
982 4995 1090 5058 vestigia
1108 4994 1293 5057 aPellengnio
1306 4993 1435 5056 descripta
1454 4993 1519 5042 ultra

197 5087 309 5151 lapidem
329 5087 361 5136 ab
381 5086 444 5136 urbe
463 5094 562 5136 sextum
582 5087 632 5136 sita
650 5094 721 5136 sunt:
742 5102 794 5151 quo
813 5093 914 5151 praeter
932 5087 984 5136 alia
1003 5087 1124 5137 sacellum
1139 5086 1342 5149 antiquissimum
1357 5086 1442 5135 Fortis
1455 5085 1519 5135 For·

197 5190 274 5230 tunae
294 5180 470 5229 collocandum
490 5194 545 5229 asse
565 5187 665 5229 constat
684 5178 799 5241 (Henaeu
818 5179 986 5243 relacione'p.
1003 5181 1068 5240 1005
1090 5180 1192 5229 c.1.1..
1215 5178 1260 5239 v1,
1285 5178 1445 5237 tat—169).
