3746 5912
450 1230 507 1363 P
506 1305 556 1364 lus
578 1323 668 1379 quum
690 1303 848 1363 biennium
874 1304 1006 1381 transiit,
1036 1311 1194 1382 postquem
1220 1306 1463 1383 supplementum
1489 1307 1548 1365 hoc
1576 1305 1710 1364 alterum
1732 1305 1779 1364 in-

451 1408 650 1487 scriptionum
671 1407 877 1485 Hispenarum
904 1408 1084 1487 impressum
1105 1416 1136 1468 et
1157 1409 1302 1487 exemplis
1328 1408 1444 1485 aliquot
1470 1428 1605 1468 seorsum
1626 1407 1723 1467 editis
1741 1410 1778 1467 ad

450 1513 565 1572 amicos
587 1531 640 1571 eos
662 1510 872 1571 transmissum
894 1519 948 1590 est,
972 1510 1025 1588 qui
1046 1511 1079 1570 in
1102 1513 1307 1589 componendo
1329 1511 1384 1571 illo
1405 1533 1454 1571 me
1469 1511 1657 1573 udiuveraut.
1696 1513 1777 1571 Dum

450 1615 634 1693 imprimitur
655 1615 781 1674 accessit
802 1614 968 1674 auctarium
990 1611 1031 1694 (n.
1049 1610 1245 1696 263-300);
1272 1635 1341 1674 cum
1362 1615 1422 1674 iam
1444 1622 1562 1693 tempus
1582 1614 1723 1693 insmret,
1745 1625 1778 1675 nt

449 1728 588 1780 octavum
615 1720 672 1779 hoc
700 1717 910 1795 premeridis
939 1717 1148 1796 epigraphicae
1170 1718 1313 1779 volumen
1339 1719 1373 1777 in
1399 1718 1555 1797 publicum
1576 1719 1776 1803 emitteretur,

448 1843 528 1883 nora
550 1822 671 1881 interim
692 1820 925 1899 inscriptionum
940 1822 1047 1882 messis
1062 1822 1218 1883 succrevit.
1254 1822 1349 1882 Tituli
1370 1842 1494 1882 numero
1517 1822 1637 1882 circiter
1651 1824 1705 1882 CO
1727 1843 1778 1899 per

448 1928 505 1987 hoc
527 1926 686 1985 biennium
708 1926 745 1984 sb
768 1923 873 1984 uminis
894 1924 969 1983 mibi
990 1923 1134 1985 submissi
1161 1935 1231 2005 sunt
1257 1946 1295 1985 ex
1316 1925 1456 1987 omnibus
1484 1928 1547 1985 lere
1576 1925 1776 2005 paeninsulae

449 2029 633 2107 regionibus.
671 2031 707 2089 ld
721 2029 803 2087 enirn
817 2047 899 2087 nunc
913 2030 1035 2087 demum
1050 2037 1230 2088 consecutus
1249 2049 1317 2088 snm
1338 2028 1599 2090 adhortationibus
1621 2029 1776 2088 continuis

448 2143 480 2195 et
501 2133 697 2211 epistularum
719 2133 898 2192 commercio
921 2151 1076 2209 nunquam
1097 2133 1274 2211 interrupto,
1297 2140 1333 2192 ut
1353 2153 1449 2211 paene
1471 2133 1548 2192 nibil
1562 2133 1607 2193 ibi
1621 2133 1776 2192 invenire·

447 2246 507 2317 tur,
531 2238 568 2297 de
590 2256 651 2311 quo
675 2236 783 2295 certior
805 2256 867 2295 uon
890 2238 1000 2296 lierem.
1038 2238 1098 2297 Sed
1115 2245 1188 2297 sunt
1210 2238 1242 2296 in
1265 2257 1390 2297 numero
1412 2237 1465 2296 illo
1487 2237 1571 2296 tituli
1592 2238 1773 2313 complures,

447 2361 577 2417 quorum
598 2347 716 2400 textum
737 2340 873 2399 nondum
894 2360 1061 2418 proponere
1082 2340 1155 2400 licet
1177 2353 1323 2417 quantum
1349 2341 1415 2399 fieri
1442 2347 1542 2419 potest
1569 2341 1774 2399 emendatum.

447 2445 552 2504 Veluti
580 2443 713 2520 exempli
739 2462 829 2502 ceusu
854 2443 990 2521 illorum,
1019 2443 1071 2520 qui
1093 2444 1126 2503 in
1147 2463 1223 2520 rupe
1244 2443 1312 2503 riva
1333 2446 1372 2503 ad
1393 2464 1477 2504 orem
1503 2444 1623 2503 insulec
1645 2444 1776 2502 Baliaris

447 2547 575 2607 minoris
601 2547 746 2623 insculpti
769 2553 872 2606 extant
894 2543 939 2627 (C.
954 2548 985 2606 11
1004 2567 1033 2624 p.
1052 2543 1135 2626 963).
1180 2547 1263 2606 Nori
1284 2547 1349 2607 eius
1370 2547 1489 2624 generis
1510 2546 1635 2606 interim
1664 2547 1776 2606 detecti

447 2658 519 2711 sunt
546 2650 676 2727 ibidem;
707 2649 781 2709 item
807 2650 989 2726 sepulcrales
1015 2650 1127 2710 vetusti
1153 2669 1246 2728 prope
1272 2653 1429 2729 oppidum,
1456 2651 1537 2726 quod
1559 2651 1774 2710 Guiuntannm

447 2756 542 2814 luisse
570 2756 657 2813 credo
687 2753 720 2812 in
747 2753 847 2813 insula
875 2753 986 2812 Baliari
1013 2754 1126 2813 maiore
1153 2751 1255 2834 (supra
1276 2775 1305 2831 p.
1323 2749 1406 2835 445).
1451 2759 1653 2814 Accesserant
1681 2755 1774 2814 etiem

445 2857 555 2918 lberici
578 2856 658 2935 nori,
683 2877 721 2916 ex
744 2855 901 2916 Lusitania
923 2855 1127 2936 meridionali,
1151 2877 1187 2917 ex
1212 2858 1374 2936 Callaecia,
1399 2860 1479 2917 unde
1501 2858 1580 2917 nulli
1601 2859 1704 2916 adhuc
1726 2858 1772 2917 in-

446 2967 624 3041 notuerunt,
647 2981 685 3020 ex
707 2960 842 3039 Baetica,
867 2980 904 3020 ex
927 2960 1103 3038 Celtiberis,
1130 2981 1206 3036 quos
1228 2981 1333 3020 omnes
1355 2963 1563 3039 supplemento
1586 2962 1712 3039 proprio
1734 2964 1772 3021 sd

446 3067 645 3125 Monumenta
676 3064 797 3139 linguae
827 3063 960 3123 Ibericce
987 3064 1123 3125 uddendo
1151 3067 1400 3142 comprehendere
1425 3065 1458 3124 in
1486 3064 1586 3124 animo
1610 3075 1664 3125 eet.
1712 3068 1769 3125 Sed

445 3188 536 3245 qnam
558 3187 663 3228 omnes
685 3176 876 3245 expectamus
897 3167 1044 3227 desiderio
1066 3187 1175 3244 magno
1197 3167 1343 3244 bilinguis
1357 3189 1427 3227 vere
1441 3169 1577 3228 noudum
1591 3169 1768 3245 comperuit.

445 3273 569 3349 Reliqui
584 3271 745 3331 maximam
760 3280 875 3348 partem
889 3270 1011 3347 quidem
1026 3272 1207 3349 sepulcrales
1221 3280 1292 3331 sunt
1307 3272 1469 3351 simplices,
1488 3280 1524 3330 nt
1538 3274 1769 3350 exspectaveris,

445 3385 475 3436 et
498 3393 679 3453 quemquam
701 3394 763 3434 non
786 3374 852 3433 sine
874 3373 981 3452 pretio,
1004 3382 1125 3452 propter
1147 3375 1292 3434 formulas
1314 3384 1344 3434 et
1365 3374 1488 3434 nomina
1511 3374 1670 3455 peregrine
1693 3396 1768 3452 quae

444 3481 609 3558 continent,
633 3487 733 3538 temen
754 3497 817 3537 non
838 3477 915 3537 tenti
936 3478 1091 3556 momenti,
1114 3486 1149 3537 ut
1162 3478 1366 3538 necessarium
1380 3481 1530 3538 crederem
1547 3498 1653 3538 ornnes
1667 3482 1768 3539 denuo

443 3582 476 3641 in
507 3582 615 3643 seriem
644 3582 872 3659 geographicurn
900 3582 1036 3640 redactos
1071 3580 1122 3640 hio
1150 3581 1275 3641 adicere.
1331 3582 1432 3658 Selegi
1459 3590 1560 3642 autem
1594 3581 1766 3659 quindecim

443 3686 565 3746 maioris
587 3685 742 3762 eliquanto
763 3685 862 3763 pretii,
887 3704 963 3760 quos
985 3685 1064 3744 infra
1086 3683 1193 3763 edisci,
1216 3683 1323 3744 nediu
1342 3685 1375 3743 in
1391 3686 1508 3745 schedis
1530 3687 1607 3747 meis
1628 3688 1764 3746 laterent

443 3788 553 3849 Adieci
586 3799 738 3867 praeterea
769 3789 978 3848 adnotationes
1011 3808 1122 3866 peuces
1151 3791 1190 3848 ad
1215 3788 1321 3849 titulos
1350 3808 1440 3866 snpra
1465 3788 1498 3848 in
1527 3792 1585 3849 boc
1612 3791 1765 3849 volumine

442 3893 553 3972 editos,
583 3914 659 3969 quas
685 3903 738 3953 eut
764 3892 901 3970 exempla
927 3892 1052 3951 meliora
1080 3892 1202 3951 interim
1228 3892 1377 3952 submissa
1403 3902 1455 3953 sut
1476 3894 1643 3953 amicorum
1664 3895 1765 3953 obser-

441 3996 578 4057 vationes
600 4004 652 4056 aut
674 3996 929 4056 considerationes
951 3995 1074 4055 iteratae
1096 3995 1215 4075 exigere
1236 3996 1318 4055 visae
1341 4005 1420 4057 sunt.

527 4134 663 4194 Berolini
684 4153 786 4194 mense
808 4133 918 4193 Martio
941 4154 967 4193 c.
984 4134 1262 4193 Mucccxcvm.

1285 4343 1462 4415 Annrnrvs
1487 4340 1660 4414 Hltnnuu.
