<?xml version="1.0" encoding="UTF-8"?>
<!DOCTYPE html PUBLIC "-//W3C//DTD XHTML 1.0 Transitional//EN"
    "http://www.w3.org/TR/xhtml1/DTD/xhtml1-transitional.dtd">
<html xmlns="http://www.w3.org/1999/xhtml" xml:lang="en" lang="en">
 <head>
  <title>
</title>
<meta http-equiv="Content-Type" content="text/html;charset=utf-8" />
  <meta name='ocr-system' content='tesseract 3.04.00' />
  <meta name='ocr-capabilities' content='ocr_page ocr_carea ocr_par ocr_line ocrx_word'/>
</head>
<body>
  <div class='ocr_page' id='page_1' title='image "./ephemerisepigra20instgoog_0257.png"; bbox 0 0 3816 5912; ppageno 0'>
   <div class='ocr_carea' id='block_1_1' title="bbox 1055 520 1184 585">
    <p class='ocr_par' dir='ltr' id='par_1_1' title="bbox 1055 520 1184 585">
     <span class='ocr_line' id='line_1_1' title="bbox 1055 520 1184 585; baseline 0 -1"><span class='ocrx_word' id='word_1_1' title='bbox 1055 531 1153 585; x_wconf 74' lang='lat' dir='ltr'><strong>sors</strong></span> <span class='ocrx_word' id='word_1_2' title='bbox 1180 520 1184 528; x_wconf 61' lang='lat'><em>⁴</em></span> 
     </span>
    </p>
   </div>
   <div class='ocr_carea' id='block_1_2' title="bbox 561 705 1767 989">
    <p class='ocr_par' dir='ltr' id='par_1_2' title="bbox 561 705 1767 989">
     <span class='ocr_line' id='line_1_2' title="bbox 563 705 1767 783; baseline 0 -19"><span class='ocrx_word' id='word_1_3' title='bbox 563 726 590 764; x_wconf 90' lang='lat' dir='ltr'><strong>a.</strong></span> <span class='ocrx_word' id='word_1_4' title='bbox 614 707 673 765; x_wconf 87' lang='grc'><strong>354</strong></span> <span class='ocrx_word' id='word_1_5' title='bbox 704 716 733 765; x_wconf 92' lang='lat' dir='ltr'><strong>et</strong></span> <span class='ocrx_word' id='word_1_6' title='bbox 757 705 961 783; x_wconf 87' lang='lat' dir='ltr'><strong>Hydatianus,</strong></span> <span class='ocrx_word' id='word_1_7' title='bbox 995 708 1063 766; x_wconf 90' lang='lat' dir='ltr'><strong>item</strong></span> <span class='ocrx_word' id='word_1_8' title='bbox 1090 707 1229 765; x_wconf 79' lang='lat' dir='ltr'>Tibullus</span> <span class='ocrx_word' id='word_1_9' title='bbox 1256 705 1290 778; x_wconf 88' lang='grc'><strong>2,</strong></span> <span class='ocrx_word' id='word_1_10' title='bbox 1312 708 1346 778; x_wconf 92' lang='grc'><strong>5,</strong></span> <span class='ocrx_word' id='word_1_11' title='bbox 1372 708 1418 766; x_wconf 83' lang='grc'><strong>17.</strong></span> <span class='ocrx_word' id='word_1_12' title='bbox 1444 706 1540 782; x_wconf 75' lang='grc'>1151)</span> <span class='ocrx_word' id='word_1_13' title='bbox 1567 705 1697 766; x_wconf 90' lang='lat' dir='ltr'><strong>Ovidius</strong></span> <span class='ocrx_word' id='word_1_14' title='bbox 1728 726 1767 764; x_wconf 83' lang='lat' dir='ltr'><strong>ex</strong></span> 
     </span>
     <span class='ocr_line' id='line_1_3' title="bbox 561 807 1766 882; baseline 0 -16"><span class='ocrx_word' id='word_1_15' title='bbox 561 809 659 868; x_wconf 90' lang='lat' dir='ltr'><strong>Ponto</strong></span> <span class='ocrx_word' id='word_1_16' title='bbox 685 810 756 882; x_wconf 82' lang='lat'><strong>1,7.</strong></span> <span class='ocrx_word' id='word_1_17' title='bbox 780 810 808 879; x_wconf 85' lang='grc'><strong>2,</strong></span> <span class='ocrx_word' id='word_1_18' title='bbox 825 807 857 879; x_wconf 85' lang='grc'><strong>2,</strong></span> <span class='ocrx_word' id='word_1_19' title='bbox 881 809 1013 869; x_wconf 81' lang='lat' dir='ltr'>Velleius</span> <span class='ocrx_word' id='word_1_20' title='bbox 1037 808 1157 881; x_wconf 92' lang='grc'>2,112,</span> <span class='ocrx_word' id='word_1_21' title='bbox 1184 808 1306 868; x_wconf 76' lang='lat' dir='ltr'>Tacitus</span> <span class='ocrx_word' id='word_1_22' title='bbox 1334 828 1402 867; x_wconf 88' lang='lat' dir='ltr'><strong>ann.</strong></span> <span class='ocrx_word' id='word_1_23' title='bbox 1424 809 1452 881; x_wconf 85' lang='lat'><strong>3,</strong></span> <span class='ocrx_word' id='word_1_24' title='bbox 1477 810 1525 869; x_wconf 84' lang='lat'><strong>18.</strong></span> <span class='ocrx_word' id='word_1_25' title='bbox 1541 810 1596 880; x_wconf 79' lang='lat'><strong>343</strong></span> <span class='ocrx_word' id='word_1_26' title='bbox 1625 808 1766 868; x_wconf 84' lang='lat' dir='ltr'><strong>Messalla</strong></span> 
     </span>
     <span class='ocr_line' id='line_1_4' title="bbox 562 910 1764 989; baseline -0.002 -19"><span class='ocrx_word' id='word_1_27' title='bbox 562 931 640 970; x_wconf 90' lang='lat' dir='ltr'><strong>mon.</strong></span> <span class='ocrx_word' id='word_1_28' title='bbox 658 914 770 989; x_wconf 84' lang='lat' dir='ltr'><strong>Ancyr.</strong></span> <span class='ocrx_word' id='word_1_29' title='bbox 787 914 815 983; x_wconf 88' lang='lat'><strong>3,</strong></span> <span class='ocrx_word' id='word_1_30' title='bbox 833 913 881 984; x_wconf 88' lang='grc'><strong>29,</strong></span> <span class='ocrx_word' id='word_1_31' title='bbox 908 913 986 971; x_wconf 90' lang='lat' dir='ltr'><strong>tituli</strong></span> <span class='ocrx_word' id='word_1_32' title='bbox 1009 910 1116 983; x_wconf 87' lang='lat' dir='ltr'><strong>c.1v‚</strong></span> <span class='ocrx_word' id='word_1_33' title='bbox 1138 911 1220 970; x_wconf 85' lang='grc'>2450</span> <span class='ocrx_word' id='word_1_34' title='bbox 1242 921 1272 969; x_wconf 91' lang='lat' dir='ltr'><strong>et</strong></span> <span class='ocrx_word' id='word_1_35' title='bbox 1286 910 1338 982; x_wconf 81' lang='lat' dir='ltr'><strong>vl,</strong></span> <span class='ocrx_word' id='word_1_36' title='bbox 1363 911 1472 986; x_wconf 88' lang='grc'>10253,</span> <span class='ocrx_word' id='word_1_37' title='bbox 1500 910 1662 973; x_wconf 74' lang='lat' dir='ltr'>Suetonius</span> <span class='ocrx_word' id='word_1_38' title='bbox 1683 915 1764 988; x_wconf 80' lang='lat' dir='ltr'><strong>Aug.</strong></span> 
     </span>
    </p>
   </div>
   <div class='ocr_carea' id='block_1_3' title="bbox 559 1013 1766 1296">
    <p class='ocr_par' dir='ltr' id='par_1_3' title="bbox 559 1013 1766 1296">
     <span class='ocr_line' id='line_1_5' title="bbox 561 1013 1766 1091; baseline -0.001 -17"><span class='ocrx_word' id='word_1_39' title='bbox 561 1016 610 1074; x_wconf 89' lang='grc'><strong>58.</strong></span> <span class='ocrx_word' id='word_1_40' title='bbox 628 1015 676 1086; x_wconf 83' lang='grc'><strong>74,</strong></span> <span class='ocrx_word' id='word_1_41' title='bbox 700 1014 834 1085; x_wconf 60' lang='grc'>(18154,</span> <span class='ocrx_word' id='word_1_42' title='bbox 857 1015 981 1074; x_wconf 75' lang='lat' dir='ltr'><strong>Tacitus</strong></span> <span class='ocrx_word' id='word_1_43' title='bbox 1003 1033 1071 1073; x_wconf 89' lang='lat' dir='ltr'><strong>ann.</strong></span> <span class='ocrx_word' id='word_1_44' title='bbox 1090 1016 1118 1086; x_wconf 91' lang='lat'><strong>1,</strong></span> <span class='ocrx_word' id='word_1_45' title='bbox 1134 1014 1176 1089; x_wconf 89' lang='lat'><strong>8).</strong></span> <span class='ocrx_word' id='word_1_46' title='bbox 1212 1013 1247 1071; x_wconf 92' lang='lat' dir='ltr'><strong>In</strong></span> <span class='ocrx_word' id='word_1_47' title='bbox 1271 1014 1499 1091; x_wconf 70' lang='lat' dir='ltr'>cognominibus</span> <span class='ocrx_word' id='word_1_48' title='bbox 1521 1014 1556 1072; x_wconf 92' lang='lat' dir='ltr'><strong>iis</strong></span> <span class='ocrx_word' id='word_1_49' title='bbox 1578 1033 1644 1073; x_wconf 92' lang='lat' dir='ltr'><strong>cum</strong></span> <span class='ocrx_word' id='word_1_50' title='bbox 1667 1014 1766 1073; x_wconf 89' lang='lat' dir='ltr'><strong>adhuc</strong></span> 
     </span>
     <span class='ocr_line' id='line_1_6' title="bbox 560 1116 1765 1208; baseline 0.001 -33"><span class='ocrx_word' id='word_1_51' title='bbox 560 1117 771 1208; x_wconf 74' lang='lat' dir='ltr'><strong>crediderimus</strong></span> <span class='ocrx_word' id='word_1_52' title='bbox 786 1118 862 1176; x_wconf 88' lang='lat' dir='ltr'><strong>duas</strong></span> <span class='ocrx_word' id='word_1_53' title='bbox 876 1117 988 1176; x_wconf 78' lang='lat' dir='ltr'><strong>formas</strong></span> <span class='ocrx_word' id='word_1_54' title='bbox 1010 1117 1201 1196; x_wconf 82' lang='lat' dir='ltr'><strong>perturbatas</strong></span> <span class='ocrx_word' id='word_1_55' title='bbox 1216 1134 1292 1188; x_wconf 87' lang='lat' dir='ltr'><strong>essa,</strong></span> <span class='ocrx_word' id='word_1_56' title='bbox 1315 1118 1374 1176; x_wconf 90' lang='lat' dir='ltr'><strong>iam</strong></span> <span class='ocrx_word' id='word_1_57' title='bbox 1397 1116 1579 1194; x_wconf 78' lang='lat' dir='ltr'><strong>intellegitur</strong></span> <span class='ocrx_word' id='word_1_58' title='bbox 1593 1136 1661 1190; x_wconf 83' lang='lat' dir='ltr'><strong>eum</strong></span> <span class='ocrx_word' id='word_1_59' title='bbox 1676 1135 1765 1176; x_wconf 92' lang='lat' dir='ltr'><strong>usum</strong></span> 
     </span>
     <span class='ocr_line' id='line_1_7' title="bbox 559 1220 921 1296; baseline 0.003 -19"><span class='ocrx_word' id='word_1_60' title='bbox 559 1237 626 1278; x_wconf 89' lang='lat' dir='ltr'><strong>esse</strong></span> <span class='ocrx_word' id='word_1_61' title='bbox 649 1220 737 1279; x_wconf 89' lang='lat' dir='ltr'><strong>simul</strong></span> <span class='ocrx_word' id='word_1_62' title='bbox 759 1227 895 1296; x_wconf 86' lang='lat' dir='ltr'><strong>utroque.</strong></span> <span class='ocrx_word' id='word_1_63' title='bbox 917 1236 921 1243; x_wconf 85' lang='grc'><strong>’</strong></span> 
     </span>
    </p>
   </div>
   <div class='ocr_carea' id='block_1_4' title="bbox 431 1425 1766 2715">
    <p class='ocr_par' dir='ltr' id='par_1_4' title="bbox 431 1425 1766 2715">
     <span class='ocr_line' id='line_1_8' title="bbox 518 1425 1765 1504; baseline 0.002 -22"><span class='ocrx_word' id='word_1_64' title='bbox 518 1428 608 1483; x_wconf 82' lang='lat' dir='ltr'><strong>Anno</strong></span> <span class='ocrx_word' id='word_1_65' title='bbox 631 1425 721 1502; x_wconf 81' lang='lat' dir='ltr'><strong>igitur</strong></span> <span class='ocrx_word' id='word_1_66' title='bbox 746 1445 774 1483; x_wconf 89' lang='lat' dir='ltr'><strong>u.</strong></span> <span class='ocrx_word' id='word_1_67' title='bbox 798 1445 823 1484; x_wconf 91' lang='lat' dir='ltr'><strong>c.</strong></span> <span class='ocrx_word' id='word_1_68' title='bbox 842 1426 899 1485; x_wconf 81' lang='lat'><strong>737</strong></span> <span class='ocrx_word' id='word_1_69' title='bbox 923 1425 1188 1501; x_wconf 88' lang='lat' dir='ltr'><strong>quindecimvirum</strong></span> <span class='ocrx_word' id='word_1_70' title='bbox 1214 1425 1370 1504; x_wconf 83' lang='lat' dir='ltr'><strong>collegium</strong></span> <span class='ocrx_word' id='word_1_71' title='bbox 1399 1426 1566 1485; x_wconf 81' lang='lat' dir='ltr'><strong>numeravit</strong></span> <span class='ocrx_word' id='word_1_72' title='bbox 1591 1425 1765 1485; x_wconf 86' lang='lat' dir='ltr'><strong>sacerdotes</strong></span> 
     </span>
     <span class='ocr_line' id='line_1_9' title="bbox 435 1528 1766 1606; baseline -0.001 -20"><span class='ocrx_word' id='word_1_73' title='bbox 435 1528 539 1604; x_wconf 83' lang='lat' dir='ltr'><strong>viginti</strong></span> <span class='ocrx_word' id='word_1_74' title='bbox 562 1547 651 1587; x_wconf 88' lang='lat' dir='ltr'><strong>unum</strong></span> <span class='ocrx_word' id='word_1_75' title='bbox 675 1536 705 1585; x_wconf 91' lang='lat' dir='ltr'><strong>et</strong></span> <span class='ocrx_word' id='word_1_76' title='bbox 725 1529 856 1587; x_wconf 85' lang='lat' dir='ltr'><strong>fortasse</strong></span> <span class='ocrx_word' id='word_1_77' title='bbox 878 1528 967 1586; x_wconf 91' lang='lat' dir='ltr'><strong>etiam</strong></span> <span class='ocrx_word' id='word_1_78' title='bbox 990 1528 1101 1606; x_wconf 89' lang='lat' dir='ltr'><strong>plures,</strong></span> <span class='ocrx_word' id='word_1_79' title='bbox 1123 1547 1191 1587; x_wconf 90' lang='lat' dir='ltr'><strong>nam</strong></span> <span class='ocrx_word' id='word_1_80' title='bbox 1213 1528 1327 1587; x_wconf 88' lang='lat' dir='ltr'><strong>indices</strong></span> <span class='ocrx_word' id='word_1_81' title='bbox 1342 1528 1401 1587; x_wconf 93' lang='lat' dir='ltr'><strong>duo</strong></span> <span class='ocrx_word' id='word_1_82' title='bbox 1424 1528 1504 1606; x_wconf 89' lang='lat' dir='ltr'><strong>pleni</strong></span> <span class='ocrx_word' id='word_1_83' title='bbox 1527 1546 1585 1587; x_wconf 93' lang='lat' dir='ltr'><strong>non</strong></span> <span class='ocrx_word' id='word_1_84' title='bbox 1607 1530 1766 1587; x_wconf 85' lang='lat' dir='ltr'><strong>nominant</strong></span> 
     </span>
     <span class='ocr_line' id='line_1_10' title="bbox 435 1628 1765 1708; baseline 0.001 -21"><span class='ocrx_word' id='word_1_85' title='bbox 435 1631 494 1688; x_wconf 89' lang='lat' dir='ltr'><strong>nisi</strong></span> <span class='ocrx_word' id='word_1_86' title='bbox 516 1640 697 1707; x_wconf 77' lang='lat' dir='ltr'><strong>praesentes·</strong></span> <span class='ocrx_word' id='word_1_87' title='bbox 735 1628 935 1691; x_wconf 81' lang='lat' dir='ltr'><strong>Confirmatur</strong></span> <span class='ocrx_word' id='word_1_88' title='bbox 957 1632 999 1690; x_wconf 89' lang='lat' dir='ltr'><strong>ita</strong></span> <span class='ocrx_word' id='word_1_89' title='bbox 1020 1630 1100 1707; x_wconf 91' lang='lat' dir='ltr'><strong>quod</strong></span> <span class='ocrx_word' id='word_1_90' title='bbox 1122 1630 1213 1691; x_wconf 76' lang='lat' dir='ltr'><strong>refert</strong></span> <span class='ocrx_word' id='word_1_91' title='bbox 1233 1629 1334 1707; x_wconf 69' lang='lat' dir='ltr'><strong>Diot)</strong></span> <span class='ocrx_word' id='word_1_92' title='bbox 1361 1650 1389 1689; x_wconf 89' lang='lat' dir='ltr'><strong>a.</strong></span> <span class='ocrx_word' id='word_1_93' title='bbox 1412 1651 1440 1689; x_wconf 92' lang='lat' dir='ltr'><strong>u.</strong></span> <span class='ocrx_word' id='word_1_94' title='bbox 1463 1649 1488 1689; x_wconf 90' lang='lat' dir='ltr'><strong>c.</strong></span> <span class='ocrx_word' id='word_1_95' title='bbox 1507 1629 1565 1691; x_wconf 83' lang='grc'><strong>725</strong></span> <span class='ocrx_word' id='word_1_96' title='bbox 1588 1631 1765 1708; x_wconf 88' lang='lat' dir='ltr'><strong>imperatori</strong></span> 
     </span>
     <span class='ocr_line' id='line_1_11' title="bbox 434 1733 1764 1811; baseline 0.001 -20"><span class='ocrx_word' id='word_1_97' title='bbox 434 1733 612 1809; x_wconf 90' lang='lat' dir='ltr'><strong>permissum</strong></span> <span class='ocrx_word' id='word_1_98' title='bbox 638 1751 718 1806; x_wconf 89' lang='lat' dir='ltr'><strong>esse,</strong></span> <span class='ocrx_word' id='word_1_99' title='bbox 748 1743 781 1792; x_wconf 89' lang='lat' dir='ltr'><strong>nt</strong></span> <span class='ocrx_word' id='word_1_100' title='bbox 806 1734 942 1811; x_wconf 88' lang='lat' dir='ltr'><strong>publicos</strong></span> <span class='ocrx_word' id='word_1_101' title='bbox 969 1733 1139 1793; x_wconf 88' lang='lat' dir='ltr'><strong>sacerdotes</strong></span> <span class='ocrx_word' id='word_1_102' title='bbox 1161 1742 1234 1810; x_wconf 90' lang='lat' dir='ltr'><strong>quot</strong></span> <span class='ocrx_word' id='word_1_103' title='bbox 1255 1733 1347 1792; x_wconf 90' lang='lat' dir='ltr'><strong>vellet</strong></span> <span class='ocrx_word' id='word_1_104' title='bbox 1372 1734 1461 1792; x_wconf 87' lang='lat' dir='ltr'><strong>etiam</strong></span> <span class='ocrx_word' id='word_1_105' title='bbox 1488 1750 1580 1811; x_wconf 90' lang='lat' dir='ltr'><strong>snpra</strong></span> <span class='ocrx_word' id='word_1_106' title='bbox 1606 1753 1764 1792; x_wconf 88' lang='lat' dir='ltr'><strong>nnmerum</strong></span> 
     </span>
     <span class='ocr_line' id='line_1_12' title="bbox 434 1834 1764 1913; baseline -0.002 -19"><span class='ocrx_word' id='word_1_107' title='bbox 434 1846 549 1894; x_wconf 87' lang='lat' dir='ltr'><strong>crearet</strong></span> <span class='ocrx_word' id='word_1_108' title='bbox 575 1843 605 1892; x_wconf 91' lang='lat' dir='ltr'><strong>et</strong></span> <span class='ocrx_word' id='word_1_109' title='bbox 630 1834 793 1894; x_wconf 89' lang='lat' dir='ltr'><strong>illustratur</strong></span> <span class='ocrx_word' id='word_1_110' title='bbox 815 1854 864 1911; x_wconf 83' lang='lat' dir='ltr'><strong>eo,</strong></span> <span class='ocrx_word' id='word_1_111' title='bbox 892 1836 972 1913; x_wconf 91' lang='lat' dir='ltr'><strong>quod</strong></span> <span class='ocrx_word' id='word_1_112' title='bbox 1001 1845 1071 1911; x_wconf 92' lang='lat' dir='ltr'><strong>post</strong></span> <span class='ocrx_word' id='word_1_113' title='bbox 1097 1855 1193 1896; x_wconf 89' lang='lat' dir='ltr'><strong>annos</strong></span> <span class='ocrx_word' id='word_1_114' title='bbox 1215 1836 1371 1896; x_wconf 90' lang='lat' dir='ltr'><strong>duodecim</strong></span> <span class='ocrx_word' id='word_1_115' title='bbox 1397 1836 1427 1893; x_wconf 91' lang='lat' dir='ltr'><strong>in</strong></span> <span class='ocrx_word' id='word_1_116' title='bbox 1456 1836 1514 1895; x_wconf 87' lang='lat' dir='ltr'><strong>hoo</strong></span> <span class='ocrx_word' id='word_1_117' title='bbox 1534 1849 1613 1896; x_wconf 88' lang='lat' dir='ltr'><strong>certe</strong></span> <span class='ocrx_word' id='word_1_118' title='bbox 1635 1836 1764 1912; x_wconf 76' lang='lat' dir='ltr'><strong>collegio</strong></span> 
     </span>
     <span class='ocr_line' id='line_1_13' title="bbox 433 1937 1764 2015; baseline 0 -19"><span class='ocrx_word' id='word_1_119' title='bbox 433 1939 512 1996; x_wconf 89' lang='lat' dir='ltr'><strong>inter</strong></span> <span class='ocrx_word' id='word_1_120' title='bbox 538 1939 653 1996; x_wconf 87' lang='lat' dir='ltr'><strong>maiora</strong></span> <span class='ocrx_word' id='word_1_121' title='bbox 680 1946 818 2014; x_wconf 82' lang='lat' dir='ltr'><strong>quattuor</strong></span> <span class='ocrx_word' id='word_1_122' title='bbox 844 1957 902 1997; x_wconf 88' lang='lat' dir='ltr'><strong>non</strong></span> <span class='ocrx_word' id='word_1_123' title='bbox 932 1957 1046 1997; x_wconf 90' lang='lat' dir='ltr'><strong>summo</strong></span> <span class='ocrx_word' id='word_1_124' title='bbox 1075 1939 1227 1997; x_wconf 88' lang='lat' dir='ltr'><strong>minimum</strong></span> <span class='ocrx_word' id='word_1_125' title='bbox 1256 1948 1368 2015; x_wconf 89' lang='lat' dir='ltr'><strong>septem</strong></span> <span class='ocrx_word' id='word_1_126' title='bbox 1396 1937 1567 1998; x_wconf 89' lang='lat' dir='ltr'><strong>sacerdotes</strong></span> <span class='ocrx_word' id='word_1_127' title='bbox 1594 1940 1764 1998; x_wconf 74' lang='lat' dir='ltr'><strong>invenimus</strong></span> 
     </span>
     <span class='ocr_line' id='line_1_14' title="bbox 434 2040 1764 2118; baseline 0.001 -19"><span class='ocrx_word' id='word_1_128' title='bbox 434 2059 528 2118; x_wconf 89' lang='lat' dir='ltr'><strong>supra</strong></span> <span class='ocrx_word' id='word_1_129' title='bbox 549 2059 704 2099; x_wconf 90' lang='lat' dir='ltr'><strong>numerum</strong></span> <span class='ocrx_word' id='word_1_130' title='bbox 727 2051 852 2114; x_wconf 87' lang='lat' dir='ltr'><strong>creatos,</strong></span> <span class='ocrx_word' id='word_1_131' title='bbox 876 2060 1000 2118; x_wconf 84' lang='lat' dir='ltr'><strong>qnorum</strong></span> <span class='ocrx_word' id='word_1_132' title='bbox 1024 2040 1155 2100; x_wconf 90' lang='lat' dir='ltr'><strong>locorum</strong></span> <span class='ocrx_word' id='word_1_133' title='bbox 1179 2061 1332 2100; x_wconf 90' lang='lat' dir='ltr'><strong>nnmerum</strong></span> <span class='ocrx_word' id='word_1_134' title='bbox 1354 2042 1564 2118; x_wconf 89' lang='lat' dir='ltr'><strong>posteaetiam</strong></span> <span class='ocrx_word' id='word_1_135' title='bbox 1587 2042 1683 2118; x_wconf 81' lang='lat' dir='ltr'><strong>magis</strong></span> <span class='ocrx_word' id='word_1_136' title='bbox 1699 2060 1764 2100; x_wconf 89' lang='lat' dir='ltr'><strong>cre·</strong></span> 
     </span>
     <span class='ocr_line' id='line_1_15' title="bbox 433 2142 1764 2222; baseline 0.002 -21"><span class='ocrx_word' id='word_1_137' title='bbox 433 2144 517 2203; x_wconf 90' lang='lat' dir='ltr'><strong>visse</strong></span> <span class='ocrx_word' id='word_1_138' title='bbox 542 2143 604 2201; x_wconf 91' lang='lat' dir='ltr'><strong>Dio</strong></span> <span class='ocrx_word' id='word_1_139' title='bbox 632 2143 828 2220; x_wconf 71' lang='lat' dir='ltr'><strong>significati).</strong></span> <span class='ocrx_word' id='word_1_140' title='bbox 859 2176 896 2187; x_wconf 90' lang='lat'>—</span> <span class='ocrx_word' id='word_1_141' title='bbox 925 2142 1102 2203; x_wconf 81' lang='lat' dir='ltr'><strong>Sacerdotes</strong></span> <span class='ocrx_word' id='word_1_142' title='bbox 1129 2162 1184 2222; x_wconf 80' lang='lat' dir='ltr'><strong>ego</strong></span> <span class='ocrx_word' id='word_1_143' title='bbox 1212 2162 1302 2220; x_wconf 91' lang='lat' dir='ltr'><strong>supra</strong></span> <span class='ocrx_word' id='word_1_144' title='bbox 1329 2143 1462 2203; x_wconf 91' lang='lat' dir='ltr'><strong>recensui</strong></span> <span class='ocrx_word' id='word_1_145' title='bbox 1491 2143 1594 2202; x_wconf 90' lang='lat' dir='ltr'><strong>ordine</strong></span> <span class='ocrx_word' id='word_1_146' title='bbox 1621 2143 1764 2219; x_wconf 88' lang='lat' dir='ltr'><strong>alphabe-</strong></span> 
     </span>
     <span class='ocr_line' id='line_1_16' title="bbox 433 2244 1762 2323; baseline 0 -20"><span class='ocrx_word' id='word_1_147' title='bbox 433 2247 506 2304; x_wconf 88' lang='lat' dir='ltr'><strong>tico:</strong></span> <span class='ocrx_word' id='word_1_148' title='bbox 530 2246 558 2303; x_wconf 89' lang='lat' dir='ltr'><strong>in</strong></span> <span class='ocrx_word' id='word_1_149' title='bbox 582 2246 658 2304; x_wconf 90' lang='lat' dir='ltr'><strong>actis</strong></span> <span class='ocrx_word' id='word_1_150' title='bbox 680 2264 746 2304; x_wconf 90' lang='lat' dir='ltr'><strong>cum</strong></span> <span class='ocrx_word' id='word_1_151' title='bbox 770 2253 977 2304; x_wconf 89' lang='lat' dir='ltr'><strong>enumerentur</strong></span> <span class='ocrx_word' id='word_1_152' title='bbox 998 2246 1166 2323; x_wconf 79' lang='lat' dir='ltr'><strong>quinquies,</strong></span> <span class='ocrx_word' id='word_1_153' title='bbox 1189 2246 1303 2305; x_wconf 89' lang='lat' dir='ltr'><strong>scilicet</strong></span> <span class='ocrx_word' id='word_1_154' title='bbox 1325 2244 1419 2322; x_wconf 89' lang='lat' dir='ltr'><strong>primo</strong></span> <span class='ocrx_word' id='word_1_155' title='bbox 1441 2244 1508 2305; x_wconf 94' lang='lat' dir='ltr'><strong>loco</strong></span> <span class='ocrx_word' id='word_1_156' title='bbox 1530 2246 1580 2323; x_wconf 91' lang='lat' dir='ltr'><strong>qni</strong></span> <span class='ocrx_word' id='word_1_157' title='bbox 1603 2264 1638 2303; x_wconf 90' lang='lat' dir='ltr'><strong>eo</strong></span> <span class='ocrx_word' id='word_1_158' title='bbox 1659 2246 1707 2304; x_wconf 88' lang='lat' dir='ltr'><strong>die</strong></span> <span class='ocrx_word' id='word_1_159' title='bbox 1730 2247 1762 2303; x_wconf 90' lang='lat' dir='ltr'><strong>in</strong></span> 
     </span>
     <span class='ocr_line' id='line_1_17' title="bbox 433 2344 1764 2425; baseline 0 -20"><span class='ocrx_word' id='word_1_160' title='bbox 433 2348 554 2408; x_wconf 90' lang='lat' dir='ltr'><strong>decreto</strong></span> <span class='ocrx_word' id='word_1_161' title='bbox 575 2348 712 2406; x_wconf 86' lang='lat' dir='ltr'><strong>iaciendo</strong></span> <span class='ocrx_word' id='word_1_162' title='bbox 734 2344 891 2421; x_wconf 82' lang='lat' dir='ltr'><strong>adfuerint,</strong></span> <span class='ocrx_word' id='word_1_163' title='bbox 914 2349 1010 2408; x_wconf 87' lang='lat' dir='ltr'><strong>tribus</strong></span> <span class='ocrx_word' id='word_1_164' title='bbox 1032 2349 1224 2425; x_wconf 82' lang='lat' dir='ltr'><strong>sequentibus</strong></span> <span class='ocrx_word' id='word_1_165' title='bbox 1247 2349 1299 2425; x_wconf 90' lang='lat' dir='ltr'><strong>qui</strong></span> <span class='ocrx_word' id='word_1_166' title='bbox 1321 2347 1468 2407; x_wconf 81' lang='lat' dir='ltr'><strong>adfuerint</strong></span> <span class='ocrx_word' id='word_1_167' title='bbox 1489 2349 1525 2407; x_wconf 86' lang='lat' dir='ltr'><strong>ad</strong></span> <span class='ocrx_word' id='word_1_168' title='bbox 1548 2367 1635 2407; x_wconf 88' lang='lat' dir='ltr'><strong>sacra</strong></span> <span class='ocrx_word' id='word_1_169' title='bbox 1654 2348 1764 2407; x_wconf 79' lang='lat' dir='ltr'><strong>diurna</strong></span> 
     </span>
     <span class='ocr_line' id='line_1_18' title="bbox 433 2450 1763 2528; baseline 0 -20"><span class='ocrx_word' id='word_1_170' title='bbox 433 2460 525 2523; x_wconf 85' lang='lat' dir='ltr'><strong>terna,</strong></span> <span class='ocrx_word' id='word_1_171' title='bbox 552 2461 734 2528; x_wconf 88' lang='lat' dir='ltr'><strong>postremum</strong></span> <span class='ocrx_word' id='word_1_172' title='bbox 759 2452 787 2509; x_wconf 87' lang='lat' dir='ltr'><strong>io</strong></span> <span class='ocrx_word' id='word_1_173' title='bbox 810 2451 877 2527; x_wconf 91' lang='lat' dir='ltr'><strong>ipso</strong></span> <span class='ocrx_word' id='word_1_174' title='bbox 899 2452 1124 2524; x_wconf 78' lang='lat' dir='ltr'><strong>autmundus,</strong></span> <span class='ocrx_word' id='word_1_175' title='bbox 1153 2451 1202 2509; x_wconf 92' lang='lat' dir='ltr'><strong>ubi</strong></span> <span class='ocrx_word' id='word_1_176' title='bbox 1226 2467 1328 2509; x_wconf 90' lang='lat' dir='ltr'><strong>omnes</strong></span> <span class='ocrx_word' id='word_1_177' title='bbox 1351 2451 1519 2511; x_wconf 86' lang='lat' dir='ltr'><strong>nominatos</strong></span> <span class='ocrx_word' id='word_1_178' title='bbox 1540 2450 1635 2510; x_wconf 85' lang='lat' dir='ltr'><strong>inisse</strong></span> <span class='ocrx_word' id='word_1_179' title='bbox 1657 2450 1763 2509; x_wconf 77' lang='lat' dir='ltr'><strong>verisi-</strong></span> 
     </span>
     <span class='ocr_line' id='line_1_19' title="bbox 432 2552 1763 2630; baseline 0 -19"><span class='ocrx_word' id='word_1_180' title='bbox 432 2553 502 2611; x_wconf 84' lang='lat' dir='ltr'><strong>mile</strong></span> <span class='ocrx_word' id='word_1_181' title='bbox 528 2563 587 2625; x_wconf 87' lang='lat' dir='ltr'><strong>est‚</strong></span> <span class='ocrx_word' id='word_1_182' title='bbox 616 2571 655 2611; x_wconf 88' lang='lat' dir='ltr'><strong>ex</strong></span> <span class='ocrx_word' id='word_1_183' title='bbox 681 2553 728 2611; x_wconf 90' lang='lat' dir='ltr'><strong>his</strong></span> <span class='ocrx_word' id='word_1_184' title='bbox 754 2553 886 2630; x_wconf 90' lang='lat' dir='ltr'><strong>quinque</strong></span> <span class='ocrx_word' id='word_1_185' title='bbox 911 2554 1058 2613; x_wconf 88' lang='lat' dir='ltr'><strong>indicibus</strong></span> <span class='ocrx_word' id='word_1_186' title='bbox 1085 2554 1199 2630; x_wconf 84' lang='lat' dir='ltr'><strong>integro</strong></span> <span class='ocrx_word' id='word_1_187' title='bbox 1222 2553 1352 2612; x_wconf 89' lang='lat' dir='ltr'><strong>secundo</strong></span> <span class='ocrx_word' id='word_1_188' title='bbox 1379 2562 1409 2613; x_wconf 93' lang='lat' dir='ltr'><strong>et</strong></span> <span class='ocrx_word' id='word_1_189' title='bbox 1433 2564 1540 2630; x_wconf 88' lang='lat' dir='ltr'><strong>quarto</strong></span> <span class='ocrx_word' id='word_1_190' title='bbox 1569 2553 1657 2626; x_wconf 87' lang='lat' dir='ltr'><strong>solis,</strong></span> <span class='ocrx_word' id='word_1_191' title='bbox 1685 2552 1763 2612; x_wconf 93' lang='lat' dir='ltr'><strong>ordo</strong></span> 
     </span>
     <span class='ocr_line' id='line_1_20' title="bbox 431 2655 559 2715; baseline -0.008 -2"><span class='ocrx_word' id='word_1_192' title='bbox 431 2655 479 2715; x_wconf 92' lang='lat' dir='ltr'><strong>hic</strong></span> <span class='ocrx_word' id='word_1_193' title='bbox 501 2667 559 2715; x_wconf 88' lang='lat' dir='ltr'><strong>est:</strong></span> 
     </span>
    </p>
   </div>
   <div class='ocr_carea' id='block_1_5' title="bbox 432 2902 634 2912">
    <p class='ocr_par' dir='ltr' id='par_1_5' title="bbox 432 2902 634 2912">
     <span class='ocr_line' id='line_1_21' title="bbox 432 2902 634 2912; baseline 0.005 -1"><span class='ocrx_word' id='word_1_194' title='bbox 432 2902 634 2912; x_wconf 74' lang='lat'><strong>——.</strong></span> 
     </span>
    </p>
   </div>
   <div class='ocr_carea' id='block_1_6' title="bbox 878 3062 1309 3210">
    <p class='ocr_par' dir='ltr' id='par_1_6' title="bbox 878 3062 1309 3210">
     <span class='ocr_line' id='line_1_22' title="bbox 878 3062 1306 3108; baseline -0.007 0"><span class='ocrx_word' id='word_1_195' title='bbox 878 3077 908 3107; x_wconf 68' lang='lat' dir='ltr'><strong>m,</strong></span> <span class='ocrx_word' id='word_1_196' title='bbox 927 3077 973 3108; x_wconf 77' lang='lat' dir='ltr'><strong>ines</strong></span> <span class='ocrx_word' id='word_1_197' title='bbox 996 3065 1101 3107; x_wconf 72' lang='lat' dir='ltr'><strong>satta</strong></span> <span class='ocrx_word' id='word_1_198' title='bbox 1122 3078 1130 3093; x_wconf 92' lang='lat'><strong>·</strong></span> <span class='ocrx_word' id='word_1_199' title='bbox 1155 3062 1306 3107; x_wconf 71' lang='lat' dir='ltr'><strong>MESSAM</strong></span> 
     </span>
     <span class='ocr_line' id='line_1_23' title="bbox 879 3166 1309 3210; baseline 0.002 -2"><span class='ocrx_word' id='word_1_200' title='bbox 879 3170 972 3210; x_wconf 75' lang='lat' dir='ltr'><strong>anna</strong></span> <span class='ocrx_word' id='word_1_201' title='bbox 991 3166 1309 3210; x_wconf 74' lang='lat' dir='ltr'><strong>vs·staru·ros1tt</strong></span> 
     </span>
    </p>
   </div>
   <div class='ocr_carea' id='block_1_7' title="bbox 898 3252 1284 3416">
    <p class='ocr_par' dir='ltr' id='par_1_7' title="bbox 898 3252 1284 3416">
     <span class='ocr_line' id='line_1_24' title="bbox 986 3252 1095 3314; baseline 0 -1"><span class='ocrx_word' id='word_1_202' title='bbox 986 3252 1095 3314; x_wconf 89' lang='lat' dir='ltr'><strong>COS</strong></span> 
     </span>
     <span class='ocr_line' id='line_1_25' title="bbox 898 3371 1284 3416; baseline -0.003 -1"><span class='ocrx_word' id='word_1_203' title='bbox 898 3384 925 3415; x_wconf 71' lang='lat' dir='ltr'><strong>ee</strong></span> <span class='ocrx_word' id='word_1_204' title='bbox 945 3383 964 3415; x_wconf 73' lang='grc' dir='ltr'><strong>ι.</strong></span> <span class='ocrx_word' id='word_1_205' title='bbox 990 3371 1284 3416; x_wconf 54' lang='lat' dir='ltr'><strong>cussie-cvr</strong></span> 
     </span>
    </p>
   </div>
   <div class='ocr_carea' id='block_1_8' title="bbox 428 3549 1758 3892">
    <p class='ocr_par' dir='ltr' id='par_1_8' title="bbox 428 3549 1758 3892">
     <span class='ocr_line' id='line_1_26' title="bbox 429 3549 1758 3615; baseline 0 -16"><span class='ocrx_word' id='word_1_206' title='bbox 429 3550 460 3599; x_wconf 86' lang='lat' dir='ltr'><strong>L.</strong></span> <span class='ocrx_word' id='word_1_207' title='bbox 479 3549 616 3600; x_wconf 82' lang='lat' dir='ltr'><strong>Lentulum</strong></span> <span class='ocrx_word' id='word_1_208' title='bbox 640 3549 707 3600; x_wconf 86' lang='lat' dir='ltr'><strong>huno</strong></span> <span class='ocrx_word' id='word_1_209' title='bbox 730 3549 860 3600; x_wconf 88' lang='lat' dir='ltr'><strong>flaminem</strong></span> <span class='ocrx_word' id='word_1_210' title='bbox 880 3550 1026 3600; x_wconf 85' lang='lat' dir='ltr'><strong>Martialem</strong></span> <span class='ocrx_word' id='word_1_211' title='bbox 1051 3550 1130 3600; x_wconf 83' lang='lat' dir='ltr'><strong>tuisse</strong></span> <span class='ocrx_word' id='word_1_212' title='bbox 1154 3556 1286 3615; x_wconf 84' lang='lat' dir='ltr'><strong>praeterea</strong></span> <span class='ocrx_word' id='word_1_213' title='bbox 1310 3555 1418 3599; x_wconf 86' lang='lat' dir='ltr'><strong>testatur</strong></span> <span class='ocrx_word' id='word_1_214' title='bbox 1436 3550 1556 3599; x_wconf 74' lang='lat' dir='ltr'><strong>donamus</strong></span> <span class='ocrx_word' id='word_1_215' title='bbox 1575 3564 1651 3599; x_wconf 87' lang='lat' dir='ltr'><strong>cusas</strong></span> <span class='ocrx_word' id='word_1_216' title='bbox 1674 3549 1707 3599; x_wconf 80' lang='lat' dir='ltr'><strong>ab</strong></span> <span class='ocrx_word' id='word_1_217' title='bbox 1726 3564 1758 3599; x_wconf 88' lang='lat' dir='ltr'><strong>eo</strong></span> 
     </span>
     <span class='ocr_line' id='line_1_27' title="bbox 430 3637 1757 3707; baseline 0.001 -17"><span class='ocrx_word' id='word_1_218' title='bbox 430 3642 564 3691; x_wconf 87' lang='lat' dir='ltr'><strong>triumviro</strong></span> <span class='ocrx_word' id='word_1_219' title='bbox 584 3642 704 3691; x_wconf 89' lang='lat' dir='ltr'><strong>monetali</strong></span> <span class='ocrx_word' id='word_1_220' title='bbox 724 3644 790 3691; x_wconf 88' lang='lat' dir='ltr'><strong>inter</strong></span> <span class='ocrx_word' id='word_1_221' title='bbox 809 3657 832 3691; x_wconf 92' lang='lat' dir='ltr'><strong>a.</strong></span> <span class='ocrx_word' id='word_1_222' title='bbox 848 3643 901 3692; x_wconf 79' lang='lat'><strong>734</strong></span> <span class='ocrx_word' id='word_1_223' title='bbox 921 3650 946 3691; x_wconf 89' lang='lat' dir='ltr'><strong>et</strong></span> <span class='ocrx_word' id='word_1_224' title='bbox 966 3642 1017 3692; x_wconf 84' lang='grc'><strong>739</strong></span> <span class='ocrx_word' id='word_1_225' title='bbox 1038 3643 1183 3703; x_wconf 82' lang='lat' dir='ltr'><strong>(rideantur</strong></span> <span class='ocrx_word' id='word_1_226' title='bbox 1202 3657 1267 3707; x_wconf 89' lang='lat' dir='ltr'><strong>quas</strong></span> <span class='ocrx_word' id='word_1_227' title='bbox 1285 3642 1342 3692; x_wconf 81' lang='lat' dir='ltr'><strong>dixi</strong></span> <span class='ocrx_word' id='word_1_228' title='bbox 1361 3656 1408 3707; x_wconf 75' lang='lat' dir='ltr'><strong>epo</strong></span> <span class='ocrx_word' id='word_1_229' title='bbox 1430 3639 1577 3706; x_wconf 76' lang='lat' dir='ltr'><strong>Zeitselm&#39;fl</strong></span> <span class='ocrx_word' id='word_1_230' title='bbox 1592 3640 1642 3705; x_wconf 79' lang='lat' dir='ltr'><strong>seir</strong></span> <span class='ocrx_word' id='word_1_231' title='bbox 1654 3637 1757 3691; x_wconf 80' lang='lat' dir='ltr'><strong>Numis-</strong></span> 
     </span>
     <span class='ocr_line' id='line_1_28' title="bbox 428 3730 1757 3802; baseline 0 -19"><span class='ocrx_word' id='word_1_232' title='bbox 428 3733 507 3783; x_wconf 82' lang='lat' dir='ltr'><strong>matile</strong></span> <span class='ocrx_word' id='word_1_233' title='bbox 520 3735 571 3784; x_wconf 93' lang='lat' dir='ltr'><strong>vol.</strong></span> <span class='ocrx_word' id='word_1_234' title='bbox 584 3738 615 3784; x_wconf 94' lang='lat'><strong>11</strong></span> <span class='ocrx_word' id='word_1_235' title='bbox 631 3749 654 3783; x_wconf 87' lang='lat' dir='ltr'><strong>a.</strong></span> <span class='ocrx_word' id='word_1_236' title='bbox 668 3736 737 3784; x_wconf 78' lang='grc'>1884</span> <span class='ocrx_word' id='word_1_237' title='bbox 759 3751 782 3799; x_wconf 90' lang='lat' dir='ltr'><strong>p.</strong></span> <span class='ocrx_word' id='word_1_238' title='bbox 794 3736 828 3783; x_wconf 85' lang='grc'><strong>80</strong></span> <span class='ocrx_word' id='word_1_239' title='bbox 848 3735 964 3799; x_wconf 83' lang='lat' dir='ltr'><strong>dixitque</strong></span> <span class='ocrx_word' id='word_1_240' title='bbox 978 3734 1094 3785; x_wconf 89' lang='lat' dir='ltr'><strong>Babalon</strong></span> <span class='ocrx_word' id='word_1_241' title='bbox 1113 3752 1193 3785; x_wconf 84' lang='lat' dir='ltr'><strong>mona.</strong></span> <span class='ocrx_word' id='word_1_242' title='bbox 1207 3734 1238 3785; x_wconf 81' lang='lat' dir='ltr'><strong>cle</strong></span> <span class='ocrx_word' id='word_1_243' title='bbox 1251 3734 1278 3785; x_wconf 87' lang='lat' dir='ltr'><strong>la</strong></span> <span class='ocrx_word' id='word_1_244' title='bbox 1289 3730 1342 3802; x_wconf 86' lang='lat' dir='ltr'><strong>re&#39;p.</strong></span> <span class='ocrx_word' id='word_1_245' title='bbox 1356 3733 1426 3784; x_wconf 81' lang='lat' dir='ltr'><strong>Rom.</strong></span> <span class='ocrx_word' id='word_1_246' title='bbox 1441 3734 1456 3783; x_wconf 94' lang='lat' dir='ltr'>I</span> <span class='ocrx_word' id='word_1_247' title='bbox 1473 3750 1498 3798; x_wconf 90' lang='lat' dir='ltr'><strong>p.</strong></span> <span class='ocrx_word' id='word_1_248' title='bbox 1513 3730 1588 3799; x_wconf 90' lang='grc'>431).</span> <span class='ocrx_word' id='word_1_249' title='bbox 1618 3732 1661 3784; x_wconf 81' lang='lat' dir='ltr'><strong>Ab</strong></span> <span class='ocrx_word' id='word_1_250' title='bbox 1674 3734 1757 3783; x_wconf 84' lang='lat' dir='ltr'><strong>altera</strong></span> 
     </span>
     <span class='ocr_line' id='line_1_29' title="bbox 428 3816 1756 3892; baseline -0.002 -17"><span class='ocrx_word' id='word_1_251' title='bbox 428 3836 500 3890; x_wconf 83' lang='lat' dir='ltr'><strong>parte</strong></span> <span class='ocrx_word' id='word_1_252' title='bbox 525 3827 619 3876; x_wconf 76' lang='lat' dir='ltr'><strong>incisus</strong></span> <span class='ocrx_word' id='word_1_253' title='bbox 638 3835 677 3875; x_wconf 78' lang='lat' dir='ltr'><strong>est</strong></span> <span class='ocrx_word' id='word_1_254' title='bbox 695 3828 781 3876; x_wconf 78' lang='lat' dir='ltr'><strong>ututur</strong></span> <span class='ocrx_word' id='word_1_255' title='bbox 806 3843 829 3877; x_wconf 81' lang='lat' dir='ltr'><strong>a.</strong></span> <span class='ocrx_word' id='word_1_256' title='bbox 849 3844 875 3892; x_wconf 85' lang='lat' dir='ltr'><strong>p.</strong></span> <span class='ocrx_word' id='word_1_257' title='bbox 890 3827 951 3877; x_wconf 83' lang='lat' dir='ltr'><strong>cnr.</strong></span> <span class='ocrx_word' id='word_1_258' title='bbox 966 3829 998 3877; x_wconf 85' lang='lat'><strong>41</strong></span> <span class='ocrx_word' id='word_1_259' title='bbox 1021 3827 1073 3878; x_wconf 82' lang='lat' dir='ltr'><strong>hic:</strong></span> <span class='ocrx_word' id='word_1_260' title='bbox 1099 3832 1134 3873; x_wconf 77' lang='grc' dir='ltr'><strong>εκ</strong></span> <span class='ocrx_word' id='word_1_261' title='bbox 1146 3845 1153 3857; x_wconf 85' lang='grc'><em>·</em></span> <span class='ocrx_word' id='word_1_262' title='bbox 1165 3831 1341 3875; x_wconf 75' lang='lat' dir='ltr'><strong>averoaaao</strong></span> <span class='ocrx_word' id='word_1_263' title='bbox 1356 3817 1361 3891; x_wconf 81' lang='grc' dir='ltr'>Ι</span> <span class='ocrx_word' id='word_1_264' title='bbox 1377 3832 1424 3873; x_wconf 82' lang='lat' dir='ltr'><strong>rr·</strong></span> <span class='ocrx_word' id='word_1_265' title='bbox 1438 3831 1547 3874; x_wconf 74' lang='lat' dir='ltr'><strong>cuavnr</strong></span> <span class='ocrx_word' id='word_1_266' title='bbox 1569 3830 1633 3874; x_wconf 69' lang='lat' dir='ltr'><strong>caes.</strong></span> <span class='ocrx_word' id='word_1_267' title='bbox 1650 3816 1655 3891; x_wconf 79' lang='lat' dir='ltr'><strong>l</strong></span> <span class='ocrx_word' id='word_1_268' title='bbox 1671 3831 1756 3872; x_wconf 72' lang='lat' dir='ltr'><strong>ave·</strong></span> 
     </span>
    </p>
   </div>
   <div class='ocr_carea' id='block_1_9' title="bbox 425 3914 1756 5271">
    <p class='ocr_par' dir='ltr' id='par_1_9' title="bbox 429 3914 1621 3997">
     <span class='ocr_line' id='line_1_30' title="bbox 429 3914 1621 3997; baseline 0.002 -24"><span class='ocrx_word' id='word_1_269' title='bbox 429 3931 514 3974; x_wconf 76' lang='lat' dir='ltr'><strong>essm</strong></span> <span class='ocrx_word' id='word_1_270' title='bbox 538 3917 542 3994; x_wconf 87' lang='grc' dir='ltr'>Ι</span> <span class='ocrx_word' id='word_1_271' title='bbox 567 3932 680 3975; x_wconf 71' lang='lat' dir='ltr'><strong>Pousis</strong></span> <span class='ocrx_word' id='word_1_272' title='bbox 701 3935 763 3975; x_wconf 68' lang='lat' dir='ltr'><strong>mae.</strong></span> <span class='ocrx_word' id='word_1_273' title='bbox 787 3914 791 3997; x_wconf 88' lang='grc' dir='ltr'>Ι</span> <span class='ocrx_word' id='word_1_274' title='bbox 815 3932 1207 3977; x_wconf 68' lang='lat' dir='ltr'><strong>cu·ssnr1vs·sarvseaae</strong></span> <span class='ocrx_word' id='word_1_275' title='bbox 1229 3946 1272 3977; x_wconf 67' lang='lat' dir='ltr'><strong>aa.</strong></span> <span class='ocrx_word' id='word_1_276' title='bbox 1298 3920 1302 3995; x_wconf 77' lang='lat' dir='ltr'><strong>l</strong></span> <span class='ocrx_word' id='word_1_277' title='bbox 1327 3933 1621 3977; x_wconf 75' lang='lat' dir='ltr'><strong>assrcrsun·cvraac</strong></span> 
     </span>
    </p>

    <p class='ocr_par' dir='ltr' id='par_1_10' title="bbox 426 4018 1756 4550">
     <span class='ocr_line' id='line_1_31' title="bbox 507 4018 1756 4088; baseline 0 -17"><span class='ocrx_word' id='word_1_278' title='bbox 507 4019 530 4082; x_wconf 89' lang='lat'><strong>¹)</strong></span> <span class='ocrx_word' id='word_1_279' title='bbox 559 4021 682 4071; x_wconf 86' lang='lat' dir='ltr'><strong>Dubitari</strong></span> <span class='ocrx_word' id='word_1_280' title='bbox 695 4022 861 4086; x_wconf 80' lang='lat' dir='ltr'><strong>aliquamdiu,</strong></span> <span class='ocrx_word' id='word_1_281' title='bbox 880 4022 1001 4072; x_wconf 87' lang='lat' dir='ltr'><strong>Messalla</strong></span> <span class='ocrx_word' id='word_1_282' title='bbox 1020 4023 1050 4084; x_wconf 91' lang='lat' dir='ltr'><strong>is,</strong></span> <span class='ocrx_word' id='word_1_283' title='bbox 1071 4023 1167 4088; x_wconf 87' lang='lat' dir='ltr'><strong>dequo</strong></span> <span class='ocrx_word' id='word_1_284' title='bbox 1186 4031 1263 4087; x_wconf 86' lang='lat' dir='ltr'><strong>poeta</strong></span> <span class='ocrx_word' id='word_1_285' title='bbox 1282 4038 1304 4071; x_wconf 90' lang='lat' dir='ltr'><strong>v.</strong></span> <span class='ocrx_word' id='word_1_286' title='bbox 1321 4023 1382 4073; x_wconf 82' lang='grc'>119.</span> <span class='ocrx_word' id='word_1_287' title='bbox 1399 4024 1463 4072; x_wconf 84' lang='grc' dir='ltr'><strong>12οι</strong></span> <span class='ocrx_word' id='word_1_288' title='bbox 1483 4029 1532 4072; x_wconf 83' lang='lat' dir='ltr'><strong>tam</strong></span> <span class='ocrx_word' id='word_1_289' title='bbox 1545 4018 1671 4071; x_wconf 78' lang='lat' dir='ltr'><strong>Messalla</strong></span> <span class='ocrx_word' id='word_1_290' title='bbox 1688 4036 1756 4071; x_wconf 70' lang='lat' dir='ltr'><strong>murs</strong></span> 
     </span>
     <span class='ocr_line' id='line_1_32' title="bbox 426 4111 1755 4182; baseline 0.002 -20"><span class='ocrx_word' id='word_1_291' title='bbox 426 4114 474 4181; x_wconf 83' lang='lat' dir='ltr'><strong>pia</strong></span> <span class='ocrx_word' id='word_1_292' title='bbox 492 4112 534 4163; x_wconf 87' lang='lat' dir='ltr'><strong>det</strong></span> <span class='ocrx_word' id='word_1_293' title='bbox 552 4113 696 4180; x_wconf 82' lang='lat' dir='ltr'><strong>spectacula</strong></span> <span class='ocrx_word' id='word_1_294' title='bbox 715 4111 801 4164; x_wconf 81' lang='lat' dir='ltr'><strong>tardae</strong></span> <span class='ocrx_word' id='word_1_295' title='bbox 820 4121 844 4164; x_wconf 91' lang='lat' dir='ltr'><strong>et</strong></span> <span class='ocrx_word' id='word_1_296' title='bbox 860 4114 970 4181; x_wconf 82' lang='lat' dir='ltr'><strong>plaudat</strong></span> <span class='ocrx_word' id='word_1_297' title='bbox 988 4130 1063 4165; x_wconf 75' lang='lat' dir='ltr'><strong>cum</strong></span> <span class='ocrx_word' id='word_1_298' title='bbox 1080 4122 1256 4182; x_wconf 79' lang='lat' dir='ltr'><strong>praetereunte</strong></span> <span class='ocrx_word' id='word_1_299' title='bbox 1274 4121 1358 4182; x_wconf 89' lang='lat' dir='ltr'><strong>pater,</strong></span> <span class='ocrx_word' id='word_1_300' title='bbox 1379 4120 1462 4164; x_wconf 85' lang='lat' dir='ltr'><strong>ntrnm</strong></span> <span class='ocrx_word' id='word_1_301' title='bbox 1481 4122 1555 4180; x_wconf 84' lang='lat' dir='ltr'><strong>pater</strong></span> <span class='ocrx_word' id='word_1_302' title='bbox 1573 4115 1607 4164; x_wconf 88' lang='lat' dir='ltr'><strong>sit</strong></span> <span class='ocrx_word' id='word_1_303' title='bbox 1625 4128 1658 4164; x_wconf 84' lang='lat' dir='ltr'><strong>an</strong></span> <span class='ocrx_word' id='word_1_304' title='bbox 1677 4114 1755 4175; x_wconf 87' lang='lat' dir='ltr'><strong>illins,</strong></span> 
     </span>
     <span class='ocr_line' id='line_1_33' title="bbox 427 4206 1755 4273; baseline 0 -17"><span class='ocrx_word' id='word_1_305' title='bbox 427 4213 563 4271; x_wconf 84' lang='lat' dir='ltr'><strong>postquam</strong></span> <span class='ocrx_word' id='word_1_306' title='bbox 583 4207 650 4256; x_wconf 90' lang='lat' dir='ltr'><strong>hunc</strong></span> <span class='ocrx_word' id='word_1_307' title='bbox 663 4206 799 4257; x_wconf 85' lang='lat' dir='ltr'><strong>didicimus</strong></span> <span class='ocrx_word' id='word_1_308' title='bbox 816 4207 906 4258; x_wconf 89' lang='lat' dir='ltr'><strong>eodem</strong></span> <span class='ocrx_word' id='word_1_309' title='bbox 926 4209 1031 4258; x_wconf 89' lang='lat' dir='ltr'><strong>nomine</strong></span> <span class='ocrx_word' id='word_1_310' title='bbox 1050 4215 1075 4257; x_wconf 88' lang='lat' dir='ltr'><strong>at</strong></span> <span class='ocrx_word' id='word_1_311' title='bbox 1092 4209 1175 4273; x_wconf 87' lang='lat' dir='ltr'><strong>ipsum</strong></span> <span class='ocrx_word' id='word_1_312' title='bbox 1195 4222 1269 4258; x_wconf 88' lang='lat' dir='ltr'><strong>nsum</strong></span> <span class='ocrx_word' id='word_1_313' title='bbox 1283 4222 1351 4269; x_wconf 81' lang='lat' dir='ltr'><strong>aasa3</strong></span> <span class='ocrx_word' id='word_1_314' title='bbox 1371 4221 1431 4257; x_wconf 85' lang='lat' dir='ltr'><strong>nam</strong></span> <span class='ocrx_word' id='word_1_315' title='bbox 1451 4223 1503 4257; x_wconf 92' lang='lat' dir='ltr'><strong>non</strong></span> <span class='ocrx_word' id='word_1_316' title='bbox 1522 4207 1577 4256; x_wconf 93' lang='lat' dir='ltr'><strong>sine</strong></span> <span class='ocrx_word' id='word_1_317' title='bbox 1596 4207 1683 4272; x_wconf 87' lang='lat' dir='ltr'><strong>aliqua</strong></span> <span class='ocrx_word' id='word_1_318' title='bbox 1699 4221 1755 4256; x_wconf 88' lang='lat' dir='ltr'><strong>mo·</strong></span> 
     </span>
     <span class='ocr_line' id='line_1_34' title="bbox 427 4296 1755 4367; baseline -0.002 -19"><span class='ocrx_word' id='word_1_319' title='bbox 427 4298 502 4348; x_wconf 85' lang='lat' dir='ltr'><strong>lestis</strong></span> <span class='ocrx_word' id='word_1_320' title='bbox 525 4305 597 4364; x_wconf 85' lang='lat' dir='ltr'><strong>pstor</strong></span> <span class='ocrx_word' id='word_1_321' title='bbox 617 4300 788 4363; x_wconf 82' lang='lat' dir='ltr'><strong>praedicative</strong></span> <span class='ocrx_word' id='word_1_322' title='bbox 808 4301 931 4365; x_wconf 85' lang='lat' dir='ltr'><strong>accipitur</strong></span> <span class='ocrx_word' id='word_1_323' title='bbox 950 4300 1118 4365; x_wconf 85' lang='lat' dir='ltr'><strong>videnturque</strong></span> <span class='ocrx_word' id='word_1_324' title='bbox 1137 4300 1203 4351; x_wconf 87' lang='lat' dir='ltr'><strong>adeo</strong></span> <span class='ocrx_word' id='word_1_325' title='bbox 1223 4296 1349 4350; x_wconf 84' lang='lat' dir='ltr'><strong>Messalla</strong></span> <span class='ocrx_word' id='word_1_326' title='bbox 1368 4307 1393 4349; x_wconf 89' lang='lat' dir='ltr'><strong>et</strong></span> <span class='ocrx_word' id='word_1_327' title='bbox 1412 4306 1489 4367; x_wconf 86' lang='lat' dir='ltr'><strong>pater</strong></span> <span class='ocrx_word' id='word_1_328' title='bbox 1508 4299 1557 4350; x_wconf 91' lang='lat' dir='ltr'><strong>sibi</strong></span> <span class='ocrx_word' id='word_1_329' title='bbox 1576 4301 1686 4364; x_wconf 89' lang='lat' dir='ltr'><strong>opponi,</strong></span> <span class='ocrx_word' id='word_1_330' title='bbox 1710 4298 1755 4347; x_wconf 88' lang='lat' dir='ltr'><strong>ills</strong></span> 
     </span>
     <span class='ocr_line' id='line_1_35' title="bbox 429 4390 1755 4457; baseline 0.003 -18"><span class='ocrx_word' id='word_1_331' title='bbox 429 4405 461 4440; x_wconf 80' lang='lat' dir='ltr'><strong>cx</strong></span> <span class='ocrx_word' id='word_1_332' title='bbox 475 4406 550 4441; x_wconf 89' lang='lat' dir='ltr'><strong>curru</strong></span> <span class='ocrx_word' id='word_1_333' title='bbox 569 4392 716 4455; x_wconf 86' lang='lat' dir='ltr'><strong>triumphali</strong></span> <span class='ocrx_word' id='word_1_334' title='bbox 733 4392 821 4443; x_wconf 89' lang='lat' dir='ltr'><strong>oculos</strong></span> <span class='ocrx_word' id='word_1_335' title='bbox 840 4393 873 4442; x_wconf 87' lang='lat' dir='ltr'><strong>ad</strong></span> <span class='ocrx_word' id='word_1_336' title='bbox 892 4400 990 4457; x_wconf 89' lang='lat' dir='ltr'><strong>patrem</strong></span> <span class='ocrx_word' id='word_1_337' title='bbox 1004 4399 1162 4455; x_wconf 89' lang='lat' dir='ltr'><strong>convertens,</strong></span> <span class='ocrx_word' id='word_1_338' title='bbox 1182 4393 1224 4443; x_wconf 80' lang='lat' dir='ltr'><strong>liic</strong></span> <span class='ocrx_word' id='word_1_339' title='bbox 1243 4391 1446 4457; x_wconf 86' lang='lat' dir='ltr'><strong>praetervehenti</strong></span> <span class='ocrx_word' id='word_1_340' title='bbox 1464 4392 1519 4442; x_wconf 85' lang='lat' dir='ltr'><strong>filio</strong></span> <span class='ocrx_word' id='word_1_341' title='bbox 1539 4392 1672 4457; x_wconf 86' lang='lat' dir='ltr'><strong>plaudens.</strong></span> <span class='ocrx_word' id='word_1_342' title='bbox 1701 4390 1755 4443; x_wconf 78' lang='lat' dir='ltr'><strong>seo</strong></span> 
     </span>
     <span class='ocr_line' id='line_1_36' title="bbox 428 4484 1046 4550; baseline 0.005 -18"><span class='ocrx_word' id='word_1_343' title='bbox 428 4484 569 4547; x_wconf 87' lang='lat' dir='ltr'><strong>simplicior</strong></span> <span class='ocrx_word' id='word_1_344' title='bbox 588 4492 657 4533; x_wconf 86' lang='lat' dir='ltr'><strong>certe</strong></span> <span class='ocrx_word' id='word_1_345' title='bbox 676 4492 714 4533; x_wconf 93' lang='lat' dir='ltr'><strong>est</strong></span> <span class='ocrx_word' id='word_1_346' title='bbox 732 4485 820 4549; x_wconf 89' lang='lat' dir='ltr'><strong>opinio</strong></span> <span class='ocrx_word' id='word_1_347' title='bbox 840 4485 916 4549; x_wconf 78' lang='lat' dir='ltr'><strong>vulgo</strong></span> <span class='ocrx_word' id='word_1_348' title='bbox 935 4492 1046 4550; x_wconf 87' lang='lat' dir='ltr'><strong>recepta.</strong></span> 
     </span>
    </p>

    <p class='ocr_par' dir='ltr' id='par_1_11' title="bbox 426 4561 1755 4917">
     <span class='ocr_line' id='line_1_37' title="bbox 504 4561 1754 4647; baseline -0.001 -23"><span class='ocrx_word' id='word_1_349' title='bbox 504 4572 528 4637; x_wconf 78' lang='lat'><strong>²)</strong></span> <span class='ocrx_word' id='word_1_350' title='bbox 559 4576 602 4637; x_wconf 90' lang='grc'><strong>51,</strong></span> <span class='ocrx_word' id='word_1_351' title='bbox 617 4577 663 4626; x_wconf 81' lang='grc' dir='ltr'><strong>2οε</strong></span> <span class='ocrx_word' id='word_1_352' title='bbox 684 4571 764 4642; x_wconf 69' lang='grc' dir='ltr'>ἱερέας</span> <span class='ocrx_word' id='word_1_353' title='bbox 783 4591 810 4623; x_wconf 83' lang='grc' dir='ltr'><strong>τι</strong></span> <span class='ocrx_word' id='word_1_354' title='bbox 829 4567 901 4626; x_wconf 72' lang='lat' dir='ltr'><strong>airis</strong></span> <span class='ocrx_word' id='word_1_355' title='bbox 914 4570 955 4626; x_wconf 81' lang='lat' dir='ltr'><strong>sel</strong></span> <span class='ocrx_word' id='word_1_356' title='bbox 974 4568 1032 4644; x_wconf 66' lang='lat' dir='ltr'><strong>islp</strong></span> <span class='ocrx_word' id='word_1_357' title='bbox 1047 4563 1088 4625; x_wconf 73' lang='lat' dir='ltr'><strong>riv</strong></span> <span class='ocrx_word' id='word_1_358' title='bbox 1101 4563 1212 4643; x_wconf 69' lang='lat' dir='ltr'><strong>alpelinde</strong></span> <span class='ocrx_word' id='word_1_359' title='bbox 1232 4561 1306 4635; x_wconf 68' lang='grc' dir='ltr'><strong><em>ὅσους</em></strong></span> <span class='ocrx_word' id='word_1_360' title='bbox 1324 4567 1352 4626; x_wconf 73' lang='lat' dir='ltr'><strong>lv</strong></span> <span class='ocrx_word' id='word_1_361' title='bbox 1366 4569 1407 4625; x_wconf 67' lang='lat' dir='ltr'><strong>del</strong></span> <span class='ocrx_word' id='word_1_362' title='bbox 1427 4563 1541 4647; x_wconf 67' lang='grc' dir='ltr'><strong>ὅθελῆσῃ</strong></span> <span class='ocrx_word' id='word_1_363' title='bbox 1561 4574 1754 4643; x_wconf 70' lang='grc' dir='ltr'><strong>προαιριίσθιι.</strong></span> 
     </span>
     <span class='ocr_line' id='line_1_38' title="bbox 427 4665 1754 4734; baseline 0.002 -18"><span class='ocrx_word' id='word_1_364' title='bbox 427 4667 457 4716; x_wconf 95' lang='lat' dir='ltr'><strong>Id</strong></span> <span class='ocrx_word' id='word_1_365' title='bbox 483 4668 623 4732; x_wconf 89' lang='lat' dir='ltr'><strong>principem</strong></span> <span class='ocrx_word' id='word_1_366' title='bbox 647 4669 684 4718; x_wconf 87' lang='lat' dir='ltr'><strong>ita</strong></span> <span class='ocrx_word' id='word_1_367' title='bbox 702 4668 829 4731; x_wconf 82' lang='lat' dir='ltr'><strong>affecisse,</strong></span> <span class='ocrx_word' id='word_1_368' title='bbox 854 4677 882 4719; x_wconf 91' lang='lat' dir='ltr'><strong>ut</strong></span> <span class='ocrx_word' id='word_1_369' title='bbox 900 4685 963 4734; x_wconf 87' lang='lat' dir='ltr'><strong>quos</strong></span> <span class='ocrx_word' id='word_1_370' title='bbox 982 4671 1063 4720; x_wconf 87' lang='lat' dir='ltr'><strong>creari</strong></span> <span class='ocrx_word' id='word_1_371' title='bbox 1081 4669 1158 4719; x_wconf 84' lang='lat' dir='ltr'><strong>vallet</strong></span> <span class='ocrx_word' id='word_1_372' title='bbox 1176 4671 1275 4719; x_wconf 90' lang='lat' dir='ltr'><strong>senatui</strong></span> <span class='ocrx_word' id='word_1_373' title='bbox 1294 4670 1500 4731; x_wconf 79' lang='lat' dir='ltr'><strong>commendaret,</strong></span> <span class='ocrx_word' id='word_1_374' title='bbox 1523 4669 1632 4733; x_wconf 82' lang='lat' dir='ltr'><strong>exposui</strong></span> <span class='ocrx_word' id='word_1_375' title='bbox 1652 4665 1754 4719; x_wconf 64' lang='lat' dir='ltr'><strong>&amp;ante-</strong></span> 
     </span>
     <span class='ocr_line' id='line_1_39' title="bbox 427 4757 1755 4827; baseline 0.003 -20"><span class='ocrx_word' id='word_1_376' title='bbox 427 4757 497 4809; x_wconf 79' lang='lat' dir='ltr'><strong>recltt</strong></span> <span class='ocrx_word' id='word_1_377' title='bbox 516 4761 540 4820; x_wconf 88' lang='grc'><strong>2,</strong></span> <span class='ocrx_word' id='word_1_378' title='bbox 561 4761 640 4809; x_wconf 90' lang='grc'>1110.</span> <span class='ocrx_word' id='word_1_379' title='bbox 681 4760 767 4809; x_wconf 80' lang='lat' dir='ltr'><strong>Etiam</strong></span> <span class='ocrx_word' id='word_1_380' title='bbox 787 4762 813 4810; x_wconf 92' lang='lat' dir='ltr'><strong>in</strong></span> <span class='ocrx_word' id='word_1_381' title='bbox 834 4761 968 4811; x_wconf 83' lang='lat' dir='ltr'><strong>Arvalium</strong></span> <span class='ocrx_word' id='word_1_382' title='bbox 989 4762 1098 4826; x_wconf 75' lang='lat' dir='ltr'><strong>collegio</strong></span> <span class='ocrx_word' id='word_1_383' title='bbox 1118 4777 1250 4812; x_wconf 89' lang='lat' dir='ltr'><strong>numerum</strong></span> <span class='ocrx_word' id='word_1_384' title='bbox 1270 4763 1431 4813; x_wconf 88' lang='lat' dir='ltr'><strong>sacerdotum</strong></span> <span class='ocrx_word' id='word_1_385' title='bbox 1451 4762 1592 4812; x_wconf 80' lang='lat' dir='ltr'><strong>excessisse</strong></span> <span class='ocrx_word' id='word_1_386' title='bbox 1611 4761 1755 4827; x_wconf 76' lang='lat' dir='ltr'><strong>legitimum</strong></span> 
     </span>
     <span class='ocr_line' id='line_1_40' title="bbox 426 4852 924 4917; baseline 0.004 -16"><span class='ocrx_word' id='word_1_387' title='bbox 426 4853 564 4902; x_wconf 79' lang='lat' dir='ltr'><strong>Menzanae</strong></span> <span class='ocrx_word' id='word_1_388' title='bbox 582 4852 662 4916; x_wconf 85' lang='lat' dir='ltr'><strong>prael.</strong></span> <span class='ocrx_word' id='word_1_389' title='bbox 683 4869 707 4917; x_wconf 86' lang='lat' dir='ltr'><strong>p.</strong></span> <span class='ocrx_word' id='word_1_390' title='bbox 722 4852 763 4902; x_wconf 91' lang='lat'><strong>111</strong></span> <span class='ocrx_word' id='word_1_391' title='bbox 783 4853 924 4903; x_wconf 89' lang='lat' dir='ltr'><strong>sdnotavit.</strong></span> 
     </span>
    </p>

    <p class='ocr_par' dir='ltr' id='par_1_12' title="bbox 425 4929 1755 5271">
     <span class='ocr_line' id='line_1_41' title="bbox 503 4929 1752 5015; baseline 0.002 -23"><span class='ocrx_word' id='word_1_392' title='bbox 503 4941 528 5004; x_wconf 74' lang='lat'><strong>³)</strong></span> <span class='ocrx_word' id='word_1_393' title='bbox 556 4944 586 4993; x_wconf 88' lang='lat' dir='ltr'><strong>L.</strong></span> <span class='ocrx_word' id='word_1_394' title='bbox 601 4961 637 4993; x_wconf 75' lang='lat' dir='ltr'><strong>a:</strong></span> <span class='ocrx_word' id='word_1_395' title='bbox 658 4929 716 5010; x_wconf 68' lang='lat' dir='ltr'><strong>irrep</strong></span> <span class='ocrx_word' id='word_1_396' title='bbox 734 4961 781 4993; x_wconf 76' lang='lat' dir='ltr'><strong>aco</strong></span> <span class='ocrx_word' id='word_1_397' title='bbox 800 4941 828 5011; x_wconf 66' lang='lat' dir='ltr'><strong>lg</strong></span> <span class='ocrx_word' id='word_1_398' title='bbox 848 4942 937 4994; x_wconf 76' lang='lat' dir='ltr'><strong>lasiaco</strong></span> <span class='ocrx_word' id='word_1_399' title='bbox 955 4940 1100 5011; x_wconf 66' lang='lat' dir='ltr'><strong>rapachlv</strong></span> <span class='ocrx_word' id='word_1_400' title='bbox 1120 4942 1143 5003; x_wconf 74' lang='lat' dir='ltr'><strong>la</strong></span> <span class='ocrx_word' id='word_1_401' title='bbox 1162 4933 1281 5013; x_wconf 78' lang='lat' dir='ltr'><strong>rio&#39;pcerev</strong></span> <span class='ocrx_word' id='word_1_402' title='bbox 1300 4934 1435 5011; x_wconf 66' lang='grc' dir='ltr'><strong>ἐηυξήθη,</strong></span> <span class='ocrx_word' id='word_1_403' title='bbox 1456 4931 1518 4995; x_wconf 73' lang='lat' dir='ltr'><strong>alass</strong></span> <span class='ocrx_word' id='word_1_404' title='bbox 1538 4941 1612 5013; x_wconf 69' lang='lat' dir='ltr'><strong>peplis</strong></span> <span class='ocrx_word' id='word_1_405' title='bbox 1629 4939 1666 4995; x_wconf 75' lang='lat' dir='ltr'><strong>ta</strong></span> <span class='ocrx_word' id='word_1_406' title='bbox 1684 4943 1752 5015; x_wconf 72' lang='grc' dir='ltr'><strong>χρῆ-</strong></span> 
     </span>
     <span class='ocr_line' id='line_1_42' title="bbox 427 5025 1754 5104; baseline 0.003 -20"><span class='ocrx_word' id='word_1_407' title='bbox 427 5031 468 5084; x_wconf 82' lang='grc' dir='ltr'><strong>ναί</strong></span> <span class='ocrx_word' id='word_1_408' title='bbox 491 5053 518 5099; x_wconf 74' lang='grc' dir='ltr'><strong>μι</strong></span> <span class='ocrx_word' id='word_1_409' title='bbox 538 5033 593 5101; x_wconf 71' lang='grc' dir='ltr'><strong>περὶ</strong></span> <span class='ocrx_word' id='word_1_410' title='bbox 611 5034 655 5085; x_wconf 75' lang='grc' dir='ltr'><strong>τοῦ</strong></span> <span class='ocrx_word' id='word_1_411' title='bbox 673 5025 789 5099; x_wconf 64' lang='grc' dir='ltr'><strong>πλήθους</strong></span> <span class='ocrx_word' id='word_1_412' title='bbox 812 5029 886 5087; x_wconf 65' lang='lat' dir='ltr'><strong>atate</strong></span> <span class='ocrx_word' id='word_1_413' title='bbox 906 5034 1145 5104; x_wconf 69' lang='grc' dir='ltr'><strong>ἀκριβολογεῖσθαι.</strong></span> <span class='ocrx_word' id='word_1_414' title='bbox 1185 5038 1254 5099; x_wconf 86' lang='lat' dir='ltr'><strong>Quot</strong></span> <span class='ocrx_word' id='word_1_415' title='bbox 1276 5038 1372 5088; x_wconf 85' lang='lat' dir='ltr'><strong>inerint</strong></span> <span class='ocrx_word' id='word_1_416' title='bbox 1395 5039 1538 5103; x_wconf 79' lang='lat' dir='ltr'><strong>imperante</strong></span> <span class='ocrx_word' id='word_1_417' title='bbox 1556 5040 1666 5101; x_wconf 90' lang='lat' dir='ltr'><strong>Severo,</strong></span> <span class='ocrx_word' id='word_1_418' title='bbox 1693 5047 1754 5088; x_wconf 86' lang='lat' dir='ltr'><strong>aeta</strong></span> 
     </span>
     <span class='ocr_line' id='line_1_43' title="bbox 427 5127 1755 5197; baseline 0.002 -21"><span class='ocrx_word' id='word_1_419' title='bbox 427 5127 508 5178; x_wconf 85' lang='lat' dir='ltr'><strong>alteru</strong></span> <span class='ocrx_word' id='word_1_420' title='bbox 525 5144 578 5178; x_wconf 91' lang='lat' dir='ltr'><strong>non</strong></span> <span class='ocrx_word' id='word_1_421' title='bbox 597 5131 679 5194; x_wconf 78' lang='lat' dir='ltr'><strong>magis</strong></span> <span class='ocrx_word' id='word_1_422' title='bbox 692 5129 876 5192; x_wconf 81' lang='lat' dir='ltr'><strong>determinant3</strong></span> <span class='ocrx_word' id='word_1_423' title='bbox 896 5133 939 5194; x_wconf 93' lang='lat' dir='ltr'><strong>qni</strong></span> <span class='ocrx_word' id='word_1_424' title='bbox 958 5130 1124 5180; x_wconf 85' lang='lat' dir='ltr'><strong>nominantur</strong></span> <span class='ocrx_word' id='word_1_425' title='bbox 1136 5131 1170 5182; x_wconf 87' lang='lat' dir='ltr'><strong>ad</strong></span> <span class='ocrx_word' id='word_1_426' title='bbox 1184 5145 1318 5181; x_wconf 84' lang='lat' dir='ltr'><strong>numeram</strong></span> <span class='ocrx_word' id='word_1_427' title='bbox 1336 5133 1431 5181; x_wconf 90' lang='lat' dir='ltr'><strong>nostris</strong></span> <span class='ocrx_word' id='word_1_428' title='bbox 1450 5132 1514 5182; x_wconf 88' lang='lat' dir='ltr'><strong>sctis</strong></span> <span class='ocrx_word' id='word_1_429' title='bbox 1533 5138 1651 5182; x_wconf 85' lang='lat' dir='ltr'><strong>testatum</strong></span> <span class='ocrx_word' id='word_1_430' title='bbox 1671 5145 1755 5197; x_wconf 86' lang='lat' dir='ltr'><strong>prope</strong></span> 
     </span>
     <span class='ocr_line' id='line_1_44' title="bbox 425 5220 558 5271; baseline 0.008 -1"><span class='ocrx_word' id='word_1_431' title='bbox 425 5220 558 5271; x_wconf 86' lang='lat' dir='ltr'><strong>accedunt.</strong></span> 
     </span>
    </p>
   </div>
   <div class='ocr_carea' id='block_1_10' title="bbox 0 0 1912 5912">
    <p class='ocr_par' dir='ltr' id='par_1_13' title="bbox 0 0 1912 5912">
     <span class='ocr_line' id='line_1_45' title="bbox 0 0 1912 5912; baseline 0 4"><span class='ocrx_word' id='word_1_432' title='bbox 0 0 1912 5912; x_wconf 95' lang='lat' dir='ltr'><strong> </strong></span> 
     </span>
    </p>
   </div>
  </div>
 </body>
</html>
