3816 5912
414 529 486 601 256
969 554 985 562 ·’
1030 552 1126 603 nors
1227 566 1234 580 ·

414 724 451 782 de
472 725 694 800 precationibus
710 724 807 803 agitur
822 743 1015 801 exponemus.
1049 724 1097 784 De
1113 724 1302 785 sellisteruiis
1324 724 1508 801 habendis1)
1530 725 1632 783 omnia
1651 732 1737 783 nota:

415 827 503 884 etiam
529 827 559 884 in
583 827 783 887 saecularibus
809 828 888 886 ludis
909 828 1126 905 antiquioribus
1153 849 1191 887 aa
1211 829 1376 888 obtinuisse
1402 829 1485 888 testis
1507 838 1552 887 est
1579 826 1740 887 secundum

415 929 505 987 libros
535 929 722 1006 incorruptos
745 928 884 988 Valerius
911 932 1062 989 Maximus
1095 932 1202 1009 (supra
1227 932 1331 1008 pli?
1359 941 1420 990 not.
1438 932 1479 1006 3).
1524 929 1659 991 Sufficiet
1686 948 1738 1005 ap·

414 1032 556 1109 posuisse
572 1032 608 1090 de
630 1033 668 1089 iis
689 1031 773 1091 locos
790 1033 876 1105 duos,
899 1034 1023 1091 alterum
1040 1032 1153 1092 Valerii
1177 1033 1309 1093 eiusdem
1333 1033 1362 1106 2,
1381 1036 1406 1107 1,
1424 1032 1456 1090 l:
1480 1034 1558 1092 Iouis
1581 1034 1664 1110 epula
1679 1035 1740 1109 ipse

413 1138 445 1190 r'u
467 1134 578 1205 lectum,
607 1135 678 1193 luna
704 1144 731 1192 et
752 1135 884 1193 Minerua
909 1138 940 1193 in
965 1136 1053 1194 sellas
1078 1138 1120 1193 acl
1142 1155 1237 1194 cenam
1263 1136 1466 1208 incitabuntur,
1493 1136 1617 1195 alteram
1638 1133 1740 1194 Taciti

415 1256 483 1294 ann.
503 1237 550 1309 lo,
566 1239 605 1295 44
627 1237 663 1295 de
685 1238 812 1296 incendii
836 1238 916 1297 urbis
939 1238 1053 1296 Romae
1074 1238 1244 1314 expiatione
1264 1239 1428 1316 imperante
1448 1237 1584 1296 Nerone:
1606 1258 1671 1297 maa
1688 1255 1740 1313 pc-

417 1343 469 1398 tr'ta
490 1341 545 1398 diis
563 1340 684 1415 piacula
705 1342 831 1416 aditique
854 1339 992 1416 Sibyllini
1014 1342 1090 1412 libri,
1112 1344 1268 1418 exquibus
1290 1342 1482 1419 supplicatum
1498 1342 1622 1401 Vulcano
1644 1350 1672 1398 et
1691 1337 1741 1400 Ce-

416 1445 476 1499 reri
501 1441 747 1518 Proserpinaeque
775 1461 809 1499 aa
836 1446 1000 1518 propitiata
1026 1444 1097 1501 luna
1124 1463 1177 1519 per
1202 1454 1347 1504 mumanae
1373 1449 1498 1521 primum
1526 1448 1556 1503 in
1586 1442 1741 1519 Capitalia,

418 1545 518 1602 deinde
539 1546 579 1602 ad
600 1551 761 1621 proximum
781 1565 860 1603 mure
984 1556 1010 1603 et
1030 1546 1201 1605 sellisternia
1223 1566 1258 1604 aa
1280 1549 1439 1623 pereipilia
1461 1547 1634 1607 celebravere
1653 1545 1741 1619 semi·

415 1665 470 1704 nae
492 1648 593 1722 quibus
614 1652 711 1706 mariti
730 1657 819 1705 cram.
855 1647 931 1705 Iuno
953 1658 982 1705 et
997 1648 1107 1721 Diana,
1129 1650 1238 1726 quibus
1260 1670 1278 1708 a
1301 1652 1445 1708 matronis
1468 1649 1558 1709 sellae
1580 1655 1742 1726 ponuntur,

416 1748 479 1807 sine
501 1749 592 1807 dubio
613 1758 682 1808 snut
703 1748 834 1808 Lucinae
854 1750 940 1808 duae.

498 1851 547 1911 De
572 1852 674 1928 pueris
699 1851 864 1930 puellisque
886 1854 1016 1929 septenis
1038 1854 1149 1913 vicenis
1171 1855 1202 1913 in
1224 1856 1299 1915 actis
1320 1855 1557 1931 praetorianum
1579 1853 1667 1913 modo
1688 1851 1742 1910 ad·

415 1954 509 2013 latum
531 1974 558 2013 r.
576 1955 701 2013 73-75
723 1956 911 2033 reperiuntur
930 1955 1004 2015 haec
1026 1956 1108 2031 (nam
1129 1960 1214 2034 pueri
1234 1977 1360 2035 quarum
1374 1956 1666 2018 mentiofitv.164
1690 1954 1743 2013 vix

417 2068 484 2116 sunt
505 2057 622 2134 iidem):

417 2244 456 2286 ex
477 2226 607 2302 epistula
627 2226 829 2303 imperatoris:

445 2364 458 2404 a
578 2345 881 2424 [br]nicbariqu...

430 2502 457 2543 m
575 2505 679 2562 pueros
700 2490 876 2563 uirqincsque
898 2491 1038 2563 patrimae
1060 2487 1284 2565 matrim[asque]

431 2604 455 2645 n
499 2588 552 2663 [ad
572 2607 685 2647 cannen
706 2589 874 2666 can]endum
897 2590 1050 2666 clarasque
1072 2590 1213 2649 leberidas
1232 2592 1395 2666 frequentes
1416 2589 1462 2665 u[t
1483 2591 1580 2648 adsim

429 2706 456 2747 m
497 2690 626 2766 itequue
647 2692 687 2748 ad
708 2711 741 2749 ea
762 2694 907 2769 sacrrflaia
929 2702 1012 2770 atque
1034 2694 1140 2752 adeas
1164 2693 1245 2751 ludas
1270 2691 1447 2770 paran[das]

430 2808 456 2850 aa
500 2792 676 2870 [diligenber
694 2798 875 2853 meminerint.

416 2980 455 3019 ex
477 2961 552 3020 actis
574 2960 632 3020 diei
654 2963 733 3021 tertii
754 2982 780 3021 v.
799 2962 978 3022 147-149:

500 3083 695 3159 sacrificiaque
712 3086 837 3160 perfecta
856 3087 942 3160 pueri
962 3083 1129 3160 [mvsa
1151 3084 1251 3159 quibus
1266 3086 1459 3143 denuntiatum
1480 3095 1551 3154 erat,
1573 3086 1695 3159 patriani
1716 3093 1743 3140 et

541 3190 665 3244 matrimi
685 3196 711 3244 et
729 3186 844 3263 puellae
866 3188 1000 3262 totidem!
1021 3206 1132 3244 cannen
1153 3190 1318 3257 cecinerunt,
1341 3186 1514 3264 ca[de]mque
1535 3188 1617 3245 moda
1639 3190 1668 3244 in
1685 3185 1742 3244 Ca·

538 3290 650 3364 pitolia.
675 3290 680 3366 l
705 3288 825 3348 Catanen
847 3292 1004 3366 composuit
1027 3288 1062 3359 Q.
1083 3288 1251 3365 Harlatb‘us
1273 3290 1407 3349 Flaccus.

418 3489 537 3569 Sibylla
563 3501 720 3570 postquam
742 3493 820 3552 dixit
841 3493 878 3552 de
899 3512 985 3553 sacro
1008 3495 1142 3573 Apollini
1165 3495 1301 3554 faciendo
1329 3493 1438 3572 pergit:
1466 3482 1514 3550 aui
1536 3482 1693 3562 ἄιιδόμινοί
1711 3514 1742 3548 τε

418 3597 529 3654 Λατῖνοι
550 3595 670 3655 παιᾶνες
690 3585 812 3678 acciperat
833 3587 932 3678 ιιᾶρῃοῖ
948 3619 979 3653 τι
1001 3591 1063 3669 νηδν
1078 3591 1174 3676 ἔχοιεν
1188 3587 1363 3655 ἇθιινοῖτων·
1385 3584 1475 3679 χωρὶς
1496 3582 1528 3652 δὲ
1549 3585 1628 3678 aaa'pm
1649 3585 1741 3677 χὸρον

419 3683 505 3755 miron
531 3687 629 3775 ἔχοιεν
649 3685 696 3754 arai
721 3687 812 3779 r>qumis
838 3693 946 3757 auidus
968 3686 1056 3778 ἄρσην
1077 3690 1206 3777 errimus,
1249 3693 1327 3757 ἇλλᾶ
1353 3690 1459 3776 mansius
1480 3690 1587 3761 naiores
1613 3691 1741 3767 ζωόντων

420 3789 460 3863 οἷς
481 3792 656 3875 ἀμφιθαλὴς
676 3794 714 3858 ἔτι
736 3791 841 3875 φύτλη.
884 3801 959 3859 Item
982 3801 1136 3861 Zosimus:
1165 3793 1249 3885 ἦμέρᾳ
1271 3794 1302 3862 δὲ
1324 3793 1397 3883 τρίτῃ
1418 3799 1447 3857 ἐν
1468 3801 1510 3879 τῷ
1529 3793 1605 3859 narei
1627 3794 1657 3857 ri
1678 3805 1740 3858 na-

419 3895 517 3960 λοῖτιον
536 3892 717 3965 Ἀπὸλλωνος
737 3902 801 3986 ἱερῷ
822 3893 878 3984 τρὶς
898 3894 974 3961 iunia
994 3895 1096 3965 auidas
1117 3903 1262 3978 darmensis
1283 3898 1354 3973 asari
1375 3893 1526 3985 aupSivuv
1544 3893 1696 3971 rasorium,
1719 3900 1742 3958 ai

418 3996 525 4065 asiarco
547 4000 738 4081 ἀμφιθαλεῖς,
759 3998 825 4087 ὅπερ
840 3994 914 4062 iuria
929 3997 1105 4088 ιῖμφοτὲρονς
1120 4000 1185 4067 ratic
1207 4008 1299 4082 «γονεῖς
1320 3995 1441 4083 ἔχοντες
1462 3997 1618 4089 aepra'vruc,
1639 3995 1742 4071 ὅμνους

419 4096 522 4182 ᾅδουσι
545 4110 580 4186 τῇ
601 4130 631 4164 τι
650 4099 792 4178 Ἑλλήνων
813 4097 860 4165 reni
873 4100 1015 4175 ‘Panaima
1037 4111 1118 4186 φωνῇ
1138 4099 1186 4166 nai
1206 4110 1342 4176 παιᾶνας,
1364 4102 1402 4165 δι’
1418 4095 1452 4167 ὧν
1468 4108 1497 4165 αἱ
1519 4101 1573 4166 uinci
1587 4099 1743 4176 ‘Propanisus

420 4201 555 4280 σώζονται
581 4200 684 4272 πόλεις.
729 4208 868 4270 Carmina
896 4220 1015 4270 cantata
1041 4230 1109 4271 esse
1135 4212 1237 4289 lingua
1258 4222 1382 4288 utraque
1404 4211 1545 4271 Zosimus
1570 4210 1672 4288 posuit
1697 4230 1741 4267 er·

420 4332 500 4386 rore,
527 4331 613 4389 quem
639 4313 698 4371 iarn
723 4314 876 4390 redarguit
898 4322 1036 4373 actorum
1059 4315 1219 4373 silentium.
1256 4314 1323 4373 Hoc
1344 4334 1452 4374 nouum
1475 4313 1656 4373 addiscimus
1679 4331 1742 4370 aar·

420 4435 489 4474 men
515 4418 593 4492 quod
617 4419 772 4491 composuit
797 4416 830 4486 Q.
854 4416 994 4475 Horatius
1022 4418 1148 4475 Flaccus
1176 4436 1235 4475 non
1263 4417 1358 4475 solum
1387 4418 1418 4475 in
1444 4417 1562 4475 Palatio
1590 4422 1742 4474 cantatum

420 4537 498 4589 esse,
520 4518 571 4576 sed
593 4518 662 4577 item
684 4518 714 4576 in
731 4515 888 4593 Capitolio.
922 4518 955 4577 Id
979 4520 1138 4594 quominus
1160 4519 1339 4595 accipiamus
1362 4520 1398 4577 de
1413 4519 1515 4578 eodem
1531 4520 1660 4577 carmine
1682 4536 1742 4575 non

420 4620 504 4679 brevi
526 4621 571 4679 bis
592 4622 731 4697 repetito,
757 4631 962 4699 argumentum
985 4622 1096 4680 obstat:
1122 4640 1191 4679 nam
1213 4623 1342 4696 ineptum
1365 4621 1442 4680 soret
1462 4620 1563 4680 lovem
1584 4621 1743 4679 Iunonem·

421 4741 477 4799 que
498 4724 541 4782 ita
561 4723 717 4794 celebrari,
743 4731 775 4781 ut
796 4724 941 4799 usquein
962 4724 1108 4800 principio
1130 4725 1270 4782 carminis
1292 4743 1388 4801 neque
1410 4726 1441 4783 in
1462 4725 1520 4782 fine
1542 4724 1600 4801 ipsi
1622 4741 1743 4799 compa-

421 4835 529 4884 rerent
572 4826 615 4883 At
636 4843 701 4884 cnm
723 4825 762 4883 ab
782 4825 933 4902 Apollinis
956 4824 1132 4903 Dianaeque
1156 4827 1294 4886 laudibus
1317 4846 1434 4887 carmen
1460 4836 1489 4885 et
1513 4825 1636 4902 incipiat
1662 4835 1692 4883 et
1713 4826 1742 4883 in

420 5021 624 5033 ,-.-.-.-

500 5159 523 5223 ¹)
553 5159 712 5211 Vocabulum
732 5160 764 5210 da
782 5161 939 5212 lectisternia
960 5168 985 5210 et
1003 5161 1155 5212 sellisternia
1174 5162 1298 5212 sollemne
1317 5168 1363 5211 est.
1401 5161 1489 5212 Livius
1509 5161 1654 5225 22,1o‚9:
1675 5158 1743 5209 lerti-

422 5256 538 5304 sleruium
555 5269 606 5321 per
625 5253 732 5304 triduum
750 5252 859 5305 habitum
877 5254 1022 5305 decemuiris
1040 5271 1168 5304 sacrarum
1186 5252 1338 5305 curantibus.
