3768 5912
414 512 487 586 356
545 494 553 517 “
975 530 1166 581 81888818

332 762 343 777 .
408 722 565 800 Pompule
585 722 600 780 1
626 722 705 781 1895
728 740 759 796 p.
777 721 816 780 58
832 714 894 800 ss).
939 721 1046 794 Neque
1069 738 1138 777 sero
1161 719 1260 778 obstat
1281 720 1372 797 quod,
1396 726 1430 779 ut
1450 718 1531 778 idem
1552 719 1599 778 vir
1620 721 1730 779 doctus

409 828 540 905 adnotat,
565 823 646 902 bripc
668 823 816 885 Celticum
837 824 904 883 loco
928 822 1074 883 eminenti
1095 823 1190 899 magis
1211 823 1354 883 convenit
1375 843 1466 900 quam
1486 824 1586 903 plano,
1610 823 1645 883 in
1666 844 1729 900 quo

408 930 484 991 sitae
511 936 582 990 suut
606 928 772 1006 parietinae
797 927 869 987 inde
895 949 913 986 a
941 926 1087 987 Resendii
1114 934 1210 987 aetate
1233 927 1342 987 Troiae
1370 927 1492 988 nomine
1515 937 1614 990 88188.
1658 932 1729 989 Η88

408 1035 516 1095 ’158188
544 1034 725 1094 vocabulum
751 1052 813 1092 non
843 1052 880 1091 ex
910 1031 1108 1109 Caetobrigae
1137 1038 1236 1092 ortum
1265 1052 1347 1112 8888,
1371 1034 1426 1092 sed
1447 1033 1578 1093 inditum
1599 1036 1729 1094 fortasse

409 1141 476 1200 loeo
500 1139 546 1199 illi
567 1138 600 1197 18
622 1137 730 1198 ’118188
752 1136 861 1197 veteris
883 1136 1059 1196 memoriam
1082 1158 1099 1195 8
1120 1136 1193 1196 viria
1216 1137 1312 1196 doctis
1334 1137 1449 1196 saeculi
1469 1139 1543 1198 XVI
1570 1139 1728 1199 Oswaldus

410 1244 565 1304 Crawfurd
593 1243 757 1335 Britannus
786 1236 938 1321 (Portcpcl
968 1240 1028 1299 Old
1055 1241 1114 1299 aad
1141 1240 1226 1320 Nero,
1257 1240 1403 1301 Londinii
1429 1243 1520 1321 1882,
1542 1262 1573 1320 p.
1597 1245 1657 1302 249
1675 1240 1728 1324 aa.)

410 1348 551 1426 opinatus
573 1354 619 1406 est
641 1355 670 1404 et
695 1352 765 1423 post
787 1365 856 1405 eum
879 1347 1081 1405 demonstrare
1109 1345 1225 1405 studuit
1246 1344 1330 1404 Leito
1353 1346 1389 1404 dc
1411 1347 1625 1406 Vasconcelloa
1646 1344 1679 1427 (l.
1701 1369 1726 1408 8.

411 1472 435 1513 8.
458 1473 487 1530 p.
513 1446 575 1532 60).
621 1452 707 1514 Quae
734 1449 837 1526 opinio
861 1469 1042 1525 quamquam
1062 1449 1183 1526 probari
1206 1448 1325 1528 nequit,
1349 1456 1450 1509 tamen
1471 1450 1562 1509 Troia
1583 1459 1635 1510 aut
1654 1451 1731 1511 villa

411 1555 544 1615 Cornelii
566 1554 678 1614 Bocchi
700 1553 794 1613 fuisse
821 1560 934 1632 potest,
964 1560 998 1611 81
1020 1552 1094 1612 8118
1116 1553 1248 1631 conieci,
1279 1561 1333 1613 aut
1354 1552 1443 1613 statio
1465 1553 1615 1614 88111188
1636 1555 1730 1633 pisci·

412 1680 519 1720 narum
546 1667 577 1719 et
603 1658 767 1718 salinarum
789 1659 827 1718 ad
849 1659 1057 1736 Caetobrigam
1078 1658 1246 1737 pertinens,
1277 1679 1354 1734 quae
1375 1658 1442 1735 ipsa
1462 1659 1564 1736 potius
1590 1659 1649 1720 sita
1670 1661 1732 1720 1811

412 1765 465 1845 151,
489 1764 543 1825 851
565 1763 655 1823 hodie
678 1761 795 1823 8818581
815 1763 961 1842 oppidum
983 1770 1030 1821 881
1051 1782 1119 1821 888
1142 1763 1265 1822 88818118
1287 1764 1319 1821 18
1341 1783 1416 1842 rupe
1438 1763 1499 1822 alta
1520 1763 1629 1841 posito.
1670 1764 1731 1825 eui

415 1870 492 1929 illud
513 1889 575 1929 non
597 1869 705 1947 858181,
731 1869 812 1941 quod
834 1867 916 1928 tituli
938 1869 1035 1927 adbuc
1057 1866 1234 1945 prodierunt
1247 1866 1354 1927 ’158188
1374 1874 1501 1947 188188,
1524 1888 1587 1928 888
1608 1868 1642 1928 18
1663 1868 1732 1946 ipsa

412 1973 531 2033 8818581
550 1972 634 2033 urbe.
678 1973 776 2031 Nemo
799 1971 881 2031 enim
903 1991 1046 2048 umquam
1068 1973 1105 2032 de
1127 1971 1219 2031 buius
1241 1971 1325 2031 urbis
1346 1978 1495 2030 vetustate
1517 1973 1614 2031 adhuc
1637 1993 1732 2048 quae·

414 2078 493 2139 sivit

412 2229 551 2317 4(2479
575 2258 617 2286 ---
642 2229 736 2315 5617)
776 2236 847 2294 Non
868 2242 986 2312 reperta
1009 2241 1055 2293 est
1083 2233 1117 2292 in
1146 2232 1297 2311 Valdereye
1324 2234 1434 2312 oppido
1464 2234 1647 2313 Callaeciae,
1677 2237 1733 2296 ubi

455 2338 556 2399 888818
579 2359 639 2415 quo
662 2359 760 2398 errore
782 2339 979 2399 collocaverat
1001 2337 1122 2416 Argotii
1150 2338 1264 2398 amicus
1293 2358 1476 2418 anonymus,
1506 2341 1559 2400 sed
1586 2347 1670 2400 extat
1698 2340 1733 2399 in

457 2443 580 2503 Alcoccr
601 2443 637 2501 dc
655 2443 709 2502 Sol
728 2443 802 2502 urbe
824 2442 1009 2521 Lusitaniae,
1032 2442 1145 2503 inserta
1165 2463 1252 2503 muro
1275 2443 1394 2503 aedium
1416 2442 1543 2503 sitarum
1564 2444 1597 2503 in
1620 2446 1732 2522 angulo

456 2547 571 2608 8188888
599 2548 666 2607 Rae
695 2546 810 2606 Domita
839 2554 870 2607 et
897 2546 965 2608 Rus
993 2548 1029 2606 do
1059 2547 1207 2607 Ootcolllo.
1260 2547 1352 2625 Lapis
1377 2548 1487 2625 longus
1514 2557 1560 2609 eet
1581 2569 1620 2610 m.
1650 2551 1732 2629 Lib,

458 2653 536 2711 altus
560 2653 643 2729 0.53,
666 2651 782 2711 litterae
805 2652 918 2711 saeculi
939 2651 1030 2729 primi
1052 2651 1192 2730 optimae.

592 2780 1064 2862 l.comcla'ael.s.bocCHVS-·
1091 2782 1146 2841 PR
1171 2806 1178 2820 ·
1204 2780 1460 2841 CAESARVM
1483 2782 1553 2842 sis

582 2889 693 2963 floraco
726 2906 808 2962 prov.
840 2886 929 2961 poaT
959 2910 966 2924 ·
999 2886 1111 2946 PERP
1141 2910 1148 2923 ·
1178 2885 1374 2945 FLAMEN
1406 2910 1412 2922 ·
1443 2886 1553 2945 PERP
1655 2924 1660 2933 ·

592 2990 715 3050 88188188
785 2988 1552 3051 aecum·insusurratum-oser

414 3124 437 3183 1.
461 3121 546 3181 Leite
569 3122 605 3180 de
628 3120 840 3180 Vasconcellos
862 3140 878 3177 o
901 3120 1075 3197 Archeoloyo
1097 3119 1288 3198 Portuyatsl
1315 3121 1395 3179 1895
1419 3141 1447 3197 p.
1474 3122 1568 3180 69ss.

457 3230 672 3307 supplementa
693 3227 821 3307 praeivit
842 3228 939 3289 editor
961 3228 1152 3307 novissimus,
1176 3228 1229 3304 qui
1250 3228 1374 3287 titulum
1396 3230 1435 3287 ad
1456 3227 1633 3287 Cornelium
1655 3230 1734 3287 Boo·

415 3340 504 3398 chum
534 3336 683 3416 pertinere
710 3336 870 3415 perspexit.
915 3339 1051 3414 Apparet
1078 3338 1182 3397 deesse
1209 3335 1366 3396 dimidiam
1388 3338 1451 3396 lere
1473 3343 1588 3414 purtem
1611 3336 1731 3416 lapidis,

415 3443 469 3521 qui
494 3441 668 3521 epistylium
694 3443 820 3502 fortasse
849 3441 932 3502 aedis
962 3441 1090 3501 alicuius
1116 3442 1164 3500 vel
1192 3441 1269 3501 alius
1297 3441 1427 3501 aedificii
1453 3442 1566 3520 publici
1589 3450 1661 3502 erat
1706 3444 1733 3500 E

416 3548 534 3609 duobus
557 3546 624 3606 aliis
647 3545 712 3606 eius
735 3545 833 3607 titulis
855 3545 1010 3606 Lusitanis
1033 3542 1074 3627 (8.
1096 3548 1148 3607 35.
1172 3542 1266 3626 5184)
1290 3548 1445 3605 constabat
1466 3547 1617 3605 bocchum
1638 3546 1733 3606 fuisse

414 3651 567 3713 flaminem
589 3649 761 3728 provinciae
783 3650 958 3710 Lusitaniae
981 3658 1011 3708 et
1033 3649 1188 3709 tribunum
1209 3649 1338 3727 legionis
1360 3650 1465 3709 tertiae
1488 3654 1661 3727 Augusta03
1685 3672 1733 3710 re·

415 3761 500 3837 liqna
522 3759 587 3819 eius
609 3778 734 3819 munera
755 3758 805 3818 bic
827 3757 957 3835 primum
977 3758 1158 3819 indicantur.
1189 3758 1321 3819 Indicari
1342 3766 1443 3818 autem
1465 3759 1606 3819 videntur
1628 3760 1733 3820 ordine

415 3876 584 3942 temporum
605 3872 694 3941 recto,
718 3861 867 3938 siquidem
888 3869 957 3941 post
977 3864 1196 3939 praefecturam
1218 3865 1380 3924 Caesarum
1399 3863 1534 3924 iteratam
1556 3864 1733 3923 flamonium

414 3968 584 4049 provinciae
606 3986 661 4045 pro
684 3986 801 4027 summo
817 3966 883 4026 8188
897 3969 1011 4027 honore
1026 3969 1198 4027 habendum
1212 3974 1266 4029 881.
1302 3968 1498 4028 Pontificatus
1513 3975 1543 4028 81
1556 3969 1734 4028 flamonium

416 4071 582 4135 sacerdotia
603 4070 799 4149 municipalia
820 4078 966 4150 perpetua
987 4071 1015 4130 ei
1035 4080 1225 4150 manserunt3
1249 4092 1374 4133 munera
1387 4072 1530 4133 militaria
1544 4074 1605 4133 duo
1619 4073 1734 4134 maiora

416 4179 448 4238 in
469 4179 529 4238 1188
551 4184 636 4237 extra
658 4175 794 4236 ordinem
815 4175 932 4236 adiecta
953 4184 1033 4236 sunt.
1072 4175 1246 4236 Provinciae
1268 4196 1379 4236 nomen
1402 4185 1432 4236 81
1445 4198 1588 4238 numanus
1602 4178 1733 4256 legionis

415 4282 526 4342 omissa
548 4280 638 4339 aetati
661 4289 691 4338 81
711 4280 779 4339 1888
794 4279 992 4356 conveniunt;
1016 4282 1157 4340 Caesares
1172 4280 1253 4340 enim
1268 4284 1426 4356 Augustus
1441 4288 1471 4341 81
1484 4280 1624 4342 'liberius
1639 4281 1733 4341 fuisse

415 4386 542 4465 putandi
564 4393 643 4447 sunt.

457 4493 494 4551 V.
513 4492 531 4549 3
556 4489 597 4550 18.
615 4507 686 4549 888
709 4488 846 4549 exhibuit
868 4494 1047 4566 Anonymus
1069 4488 1199 4568 Argutii,
1221 4505 1292 4549 τ·ιιι
1314 4490 1440 4550 schedam
1462 4490 1623 4566 Moreirae3
1646 4489 1732 4550 Leito

413 4595 545 4655 litteram
559 4594 687 4672 primam
700 4596 792 4654 humo
807 4600 915 4653 tectam
929 4614 991 4653 non
1006 4592 1091 4671 vidit,
1108 4594 1161 4652 sed
1172 4593 1373 4654 effodiendam
1384 4594 1500 4654 curavit
1510 4601 1633 4655 attactu
1647 4615 1734 4655 ressa

416 4698 568 4760 iudicavit.
622 4698 740 4763 Quodsi
762 4698 805 4758 118
831 4705 889 4777 881,
921 4700 1047 4757 fortasse
1078 4696 1285 4777 supplendum
1309 4720 1394 4760 88888
1421 4717 1527 4760 sanast.
1579 4701 1639 4758 Sed
1668 4698 1735 4759 fleri

415 4807 523 4887 potuit,
547 4814 582 4866 ut
596 4827 706 4866 nomen
722 4806 835 4886 oppidi,
857 4807 943 4866 cuius
957 4806 1133 4866 muneribus
1148 4807 1240 4866 sacris
1255 4806 1445 4884 publicisque
1459 4808 1596 4868 Β8881ι88
1611 4808 1735 4867 functus

416 4919 487 4990 erat,
512 4911 636 4971 omnino
657 4932 719 4972 non
741 4911 940 4987 indicaretur,
964 4910 1083 4970 colonia
1104 4911 1306 4971 Scallabitana
1327 4919 1456 4971 statuam
1479 4911 1508 4971 ei
1528 4911 1631 4990 posuit
1650 4912 1735 4971 Sala·

415 5020 479 5080 ciae
491 5016 530 5101 (n.
545 5016 605 5100 35).
630 5020 767 5097 Cogitavi
782 5021 819 5079 dc
833 5020 932 5079 888811
949 5016 1068 5102 addila)
1079 5019 1120 5079 ΙΙ
1130 5021 1179 5080 vel
1195 5019 1306 5100 potius,
1326 5021 1353 5081 si
1372 5039 1391 5079 ιι
1405 5020 1559 5097 Anonymi
1573 5040 1636 5080 non
1652 5026 1735 5081 recte

415 5124 528 5184 lectum
550 5131 596 5183 881
615 5144 669 5201 pro
693 5143 728 5203 ιι,
754 5125 790 5184 (18
812 5144 891 5184 amar
905 5144 936 5184 88
951 5139 1035 5200 mit,
1059 5144 1128 5184 nam
1150 5145 1218 5185 cum
1240 5145 1329 5202 supra
1351 5123 1393 5183 518
1413 5124 1556 5203 seriptum
1571 5124 1620 5203 sit,
1644 5141 1663 5182 ιι
1679 5144 1734 5201 pro

417 5227 526 5287 iterum
547 5228 702 5304 probabile
717 5248 780 5287 non
795 5233 849 5288 est.
880 5229 985 5303 ltaque
1008 5248 1110 5289 versus
1132 5228 1213 5289 tertii
1235 5229 1443 5305 supplementa
1464 5228 1579 5289 incerta
1600 5237 1733 5288 manent.
