3746 5912
670 587 877 638 4444444444
1356 564 1431 639 513

155 772 289 831 Dederat
309 769 478 831 academiae
500 793 527 832 4.
555 774 635 834 1862
659 773 814 834 Antonius
836 773 986 832 Gonnalea
1008 771 1139 853 Gaobin,
1161 781 1308 850 repertam
1330 773 1363 833 in
1385 775 1433 834 fo-

156 873 238 934 dinis
260 875 412 947 Borrocoo
433 874 479 933 dol
500 874 563 953 Ray
584 876 757 954 provinciae
779 877 814 935 do
835 875 974 936 Atussa.

107 978 182 1038 Fita
203 977 258 1039 bol.
282 980 316 1038 de
338 979 367 1037 lo
389 981 480 1039 Acod.
504 982 609 1040 XXVI
634 983 714 1040 1895
738 1000 768 1058 p.
790 982 851 1040 492
875 998 944 1039 cum
966 980 1079 1040 tabula.
1106 1030 1114 1037 .

155 1084 270 1143 Tantus
293 1103 311 1140 4
331 1082 457 1143 Zobelio
478 1083 583 1163 perite,
607 1084 744 1161 quamuis
765 1103 829 1143 non
851 1083 1003 1160 eleganter
1021 1082 1191 1161 descriptus
1214 1103 1434 1160 4444444444-

108 1186 288 1259 veuitcum
310 1188 484 1273 archetyp03
507 1188 588 1246 unde
611 1207 673 1247 non
695 1186 830 1264 repetivi.

136 1420 143 1427 ἡ
200 1343 251 1402 Ad
270 1341 378 1402 titulos
400 1363 437 1401 ex
458 1342 525 1419 ipss
546 1342 697 1420 Hispania
717 1340 930 1420 provenientes
943 1343 1043 1401 visum
1058 1352 1104 1401 444
1125 1341 1288 1420 adiungere
1311 1343 1434 1405 titulum

107 1445 262 1506 Ibericum
285 1452 426 1505 externae
448 1444 589 1522 originis3
611 1466 682 1506 444
702 1447 784 1522 quod
804 1445 893 1505 facile
911 1443 979 1505 fleri
998 1445 1108 1524 potnit,
1132 1446 1247 1506 scilicet
1268 1453 1303 1506 ut
1325 1468 1342 1506 e
1363 1468 1434 1526 por·

108 1556 201 1609 tunm
222 1549 431 1626 Hispanorum
457 1548 536 1609 inter
561 1549 734 1609 Valentiam
763 1558 793 1608 et
820 1550 1018 1608 Tarraconem
1044 1548 1279 1609 barcinonamve
1306 1550 1434 1610 sitorum

107 1674 176 1713 nno
207 1660 378 1731 asportatus
406 1654 457 1732 sit,
486 1655 612 1713 fortasse
643 1673 697 1730 pro
726 1655 850 1714 saburra
878 1649 927 1732 (41.
951 1655 1092 1713 adnotata
1115 1654 1153 1713 ad
1175 1674 1204 1713 n.
1230 1655 1312 1714 3585
1343 1674 1434 1733 supra

108 1777 139 1835 p.
158 1752 244 1839 444),
268 1756 301 1817 id
321 1757 421 1835 ipsius
442 1757 551 1836 lapidis
572 1764 681 1817 natura
701 1757 821 1817 videtur
835 1757 992 1817 exclusum
1014 1776 1089 1817 esse.
1129 1760 1244 1817 Hector
1258 1757 1340 1817 enim
1354 1757 1432 1837 Pais,

107 1861 156 1923 rai
178 1860 389 1939 epigrapbioae
412 1863 523 1921 Sardes
546 1862 760 1941 peritissimus,
790 1860 960 1922 sciscitanti
979 1860 1056 1921 mibi
1078 1860 1199 1939 scripsit
1223 1862 1355 1940 lapidem
1376 1861 1435 1920 sibi

108 1965 213 2025 risum
236 1985 301 2025 4444
328 1972 410 2024 certo
437 1963 564 2040 originis
587 1967 708 2025 Surdae.
753 1967 813 2025 Sed
840 1964 959 2024 etiamsi
986 1984 1024 2024 ex
1052 1964 1119 2042 ipss
1145 1964 1285 2025 Sardinia
1311 1965 1434 2045 prodiit,

107 2070 236 2146 linguae
250 2067 381 2129 Ibericse
395 2089 470 2136 usus
484 2067 608 2129 414144
629 2071 737 2146 probat
754 2071 865 2129 Sardos
883 2068 1001 2146 origine
1017 2069 1120 2129 Iberos
1141 2069 1237 2129 fnisse
1259 2076 1311 2128 444
1332 2070 1435 2129 Iberos

110 2173 187 2234 olim
208 2172 360 2233 habitasse
374 2172 408 2230 in
423 2172 571 2234 Sardinia.
610 2176 654 2233 Ut
673 2184 808 2252 pateram
823 2172 1024 2253 Urvinenssm
1042 2173 1133 2231 homo
1149 2174 1254 2233 Iberus
1269 2174 1301 2232 in
1315 2172 1435 2231 Italiam

110 2296 217 2337 44444
243 2276 351 2337 tulisse
378 2277 531 2355 putandus
560 2284 606 2337 est
636 2274 720 2357 stum
742 2298 773 2337 4.
796 2273 905 2356 XLII),
936 2284 972 2336 ut
1000 2276 1126 2336 Catinae
1154 2276 1187 2334 in
1214 2276 1318 2336 Sicilia
1343 2278 1435 2336 homo

109 2381 219 2441 Iberus
241 2379 320 2440 41144
341 2380 374 2438 14
397 2381 517 2439 vasculo
534 2382 650 2440 Graeco
668 2380 825 2458 inscripsit
838 2382 1019 2465 vocabulum
1032 2379 1183 2440 Ibericum
1205 2380 1242 2438 ad
1264 2380 1437 2457 sepulcrum

110 2492 253 2562 spectans
276 2478 361 2563 (MLI
382 2504 412 2543 n.
425 2479 551 2565 xnus),
575 2484 619 2543 ita
634 2483 793 2543 Caralibus
808 2483 1032 2544 mercennarius
1047 2484 1157 2558 aliquis
1171 2485 1276 2543 Iberus
1298 2482 1330 2541 in
1349 2502 1436 2543 4444·-

112 2586 176 2647 citu
200 2587 263 2646 sive
285 2586 401 2647 Punico
424 2586 488 2646 sive
509 2589 646 2647 Romano
669 2589 726 2646 deo
750 2587 842 2647 alicui
868 2588 965 2665 patrio
992 2607 1075 2647 eram
1099 2587 1148 2645 vel
1174 2588 1316 2646 defuncto
1343 2585 1436 2645 alicui

111 2699 309 2752 conterraneo
339 2684 461 2769 cippum
493 2692 690 2768 sepulcralem
719 2710 832 2768 ponere
860 2691 969 2768 potuit
1020 2693 1133 2750 Tamen
1167 2690 1359 2750 memorabile
1390 2698 1437 2749 est

111 2802 345 2856 monumentum
358 2797 417 2854 hoc
430 2795 562 2871 prImum
575 2795 681 2873 lingua
695 2795 811 2855 Iberica
825 2795 1013 2874 inscriptum,
1030 2795 1113 2872 quod
1127 2816 1143 2853 e
1160 2794 1299 2854 Sardinia
1313 2793 1434 2870 prodiit

110 2981 182 3051 298
216 2986 376 3046 curulibus
398 2987 431 3046 in
454 2986 593 3046 Sardinia
619 2982 790 3066 (qulc‘on‘),
814 2986 974 3045 columella
996 3006 1013 3045 4
1035 2985 1136 3064 lapide
1164 2985 1304 3064 calcario,
1337 2984 1436 3061 qualis

157 3092 236 3151 solet
257 3091 302 3151 ibi
324 3090 469 3169 adhiberi,
492 3090 558 3149 sine
581 3090 776 3170 ornamentis,
799 3098 918 3168 reperta
932 3089 977 3148 ibi
997 3089 1030 3149 in
1052 3092 1140 3150 horto
1162 3088 1303 3149 botanico
1326 3096 1435 3167 vetere,

156 3194 214 3254 ubi
241 3203 286 3254 est
313 3202 532 3271 gasometrum3
563 3203 698 3254 servatur
732 3213 814 3253 nunc
842 3193 875 3253 in
904 3213 1019 3255 musso.
1063 3194 1169 3253 Facies
1200 3194 1357 3254 columnae
1387 3191 1437 3251 in-

158 3299 271 3375 scripto
293 3298 353 3358 4144
374 3305 420 3358 444
438 3318 477 3357 4.
496 3300 578 3376 oto,
601 3298 768 3373 144411.35;
791 3296 908 3356 litterae
930 3297 1007 3356 41444
1030 3305 1101 3356 sunt
1122 3316 1162 3356 m.
1180 3300 1263 3375 dot,
1287 3296 1436 3373 profunde

156 3402 282 3463 incisae.
328 3401 420 3479 Lapis
442 3400 516 3461 olim
538 3401 655 3461 inverse
679 3401 844 3461 collocutus
866 3421 958 3478 supra
979 3412 1009 3459 44
1031 3400 1111 3458 infra
1132 3401 1257 3460 mutilus
1279 3406 1334 3460 est.

675 3688 872 3771 ΞΕῩω

674 3786 870 3869 ΝΜΗῼ

674 3887 920 3963 itm,

617 3997 868 4071 ,4ΑΧ4Χ

116 4230 273 4309 Descripsi
298 4250 336 4290 ex
364 4239 470 4306 ectypo
498 4238 618 4307 sumpto
645 4251 671 4290 4.
699 4230 777 4290 1891
809 4230 846 4288 ab
874 4230 1008 4288 Hectore
1029 4227 1100 4287 Pais
1122 4229 1292 4304 professore
1314 4226 1435 4307 Pisano,

117 4333 169 4409 qui
196 4334 280 4393 misit
301 4334 472 4410 exemplum
495 4340 631 4393 accurate
654 4332 837 4411 descriptum
863 4331 948 4391 Eliae
978 4333 1081 4391 buttes
1102 4332 1267 4410 professori
1289 4332 1438 4391 Mediola-

116 4437 217 4497 niensi
241 4445 348 4514 utpote
369 4437 492 4513 linguae
513 4438 657 4496 Etruscae
679 4437 866 4512 aliarumque
887 4455 1034 4514 perquam
1055 4455 1149 4512 gnaro
1172 4441 1203 4494 et
1223 4443 1329 4512 postea
1350 4436 1434 4496 41141.

116 4541 261 4601 Ibericum
279 4561 345 4601 esse
367 4539 595 4619 inscriptionem
616 4540 771 4619 perspexit
785 4538 932 4599 Claudius
947 4537 1125 4598 Giacomino
1147 4540 1299 4617 professor
1321 4538 1437 4617 etipse

117 4644 380 4724 Mediolaniensis‚
411 4643 465 4719 qui
490 4644 650 4722 descripsit
679 4653 818 4720 ectypum
844 4641 1066 4702 accuratissime
1094 4649 1123 4701 44
1149 4642 1238 4702 144114
1265 4643 1438 4720 impetravit

116 4756 150 4806 44
170 4748 246 4807 mibi
267 4748 445 4808 mitteretur.
491 4748 621 4808 Litterae
644 4766 748 4807 omnes
771 4754 869 4806 certae
892 4752 972 4805 4444.

159 4854 196 4912 V.
217 4855 230 4910 l
255 4852 360 4930 periit;
387 4853 479 4929 pedes
501 4858 619 4910 444444
639 4851 809 4911 litterarum
831 4858 973 4927 quattuor
994 4856 1069 4927 puto
1092 4869 1180 4925 aegre
1202 4847 1414 4926 dispiciuntur.

160 4958 233 5016 v.2
256 4956 439 5015 elementum
468 4954 592 5014 tertium
614 4956 725 5015 formas
751 4956 841 5014 babet
866 4954 1023 5029 angulatas
1046 4946 1090 5038 Ῡ,
1121 4954 1267 5013 rotundas
1294 4950 1437 5010 ultimum

118 5061 180 5117 42
205 5052 250 5136 Ῠ;
274 5061 327 5120 sed
345 5061 460 5119 formae
482 5058 553 5117 illae
576 5066 606 5118 44
628 5059 703 5119 alibi
723 5058 810 5119 iuxta
832 5058 1023 5134 reperiuntur
1037 5051 1123 5139 (MLI
1136 5077 1166 5134 p.
1183 5053 1259 5135 XL).
1296 5055 1438 5113 Elemen-

119 5167 183 5221 tum
199 5162 340 5222 ultimum
365 5178 397 5219 ιιι
419 5165 496 5240 pede
519 5171 597 5223 caret
620 5159 703 5243 (Ψ),
726 5171 760 5221 44
782 5163 815 5219 in
836 5169 938 5241 patera
953 5160 1131 5237 Segoviensi
1146 5160 1231 5241 (Mil
1245 5179 1276 5219 n.
1292 5159 1435 5238 XXXIV,

120 5264 158 5323 41.
181 5286 209 5343 p.
225 5262 372 5348 XLVIH).

1163 5381 1227 5447 33*
