3816 5912
1066 557 1164 609 Acus

454 661 655 676 w

655 743 746 795 tatem
768 734 905 794 victimae
926 733 1088 813 perfectam
1117 741 1147 794 et
1172 732 1286 794 numiui
1314 732 1362 793 cui
1390 731 1509 802 offertus
1534 733 1705 794 omnimodo
1733 750 1781 792 ac-

656 839 882 909 commodatam,
904 838 934 897 iu
956 838 1037 916 quod
1058 837 1188 898 fortasse
1210 837 1433 914 praeferendum
1457 835 1520 895 erit.

454 969 563 1036 nocte
589 960 751 1034 secunda
768 955 930 1059 llithyfis
956 984 994 1033 v.
1016 961 1100 1049 115,
1131 959 1220 1031 116:

582 1110 691 1174 noctu
720 1109 836 1173 cutem
867 1097 918 1172 ud
943 1094 1098 1172 Tiberim
1128 1094 1374 1196 c[c]cm'sccium
1395 1095 1489 1193 fecit
1513 1093 1586 1170 deii
1612 1092 1788 1197 [Illithyic

763 1217 861 1294 iiheiu
883 1217 998 1293 VIIII
1017 1216 1204 1319 pcpcnhh]
1236 1216 1344 1291 VIIII
1370 1214 1532 1316 pthcehas
1557 1215 1673 1290 VIIII
1696 1215 1787 1317 imp.

762 1338 895 1416 Caesar
923 1338 928 1442 l
956 1339 1151 1439 Aupuctcec:
1181 1350 1351 1440 precatus
1377 1350 1429 1413 est
1453 1336 1549 1437 [hloc
1575 1339 1689 1413 modo.

611 1483 744 1562 ilithyiis
773 1484 937 1543 secundum
964 1501 1083 1543 carmen
1111 1500 1227 1541 sacrum
1252 1482 1288 1542 fit
1312 1471 1451 1539 θυέεσσιν
1476 1474 1531 1558 ἕπῃ
1555 1471 1649 1543 θένα.
1693 1477 1793 1541 Sacra

661 1588 703 1646 ita
724 1605 789 1645 cum
812 1604 872 1645 non
894 1587 1048 1664 requirant
1069 1586 1220 1655 victimas,
1247 1584 1300 1644 sed
1322 1585 1528 1643 tantummodo
1550 1577 1587 1641 αὶ
1607 1573 1686 1653 θύη,
1712 1585 1792 1643 satis

663 1690 828 1748 habuerunt
843 1687 961 1747 XVviri
983 1689 1137 1766 placentas
1159 1687 1270 1746 diversi
1292 1687 1411 1763 generis
1435 1688 1535 1746 addito
1557 1688 1678 1745 omnino
1701 1688 1793 1745 thure
1886 1726 1887 1739 .

664 1803 694 1851 et
715 1793 782 1851 vino
802 1793 841 1851 iia
863 1792 972 1850 offerri.
1010 1790 1115 1850 Libum
1136 1788 1311 1850 Latinorum
1334 1799 1436 1849 notum
1459 1798 1506 1848 est
1530 1799 1558 1847 et
1579 1790 1729 1867 quomodo
1751 1808 1793 1849 ex
1886 1772 1887 1793 ¹

664 1914 754 1955 casco
776 1905 805 1953 et
827 1895 923 1953 farina
944 1894 998 1952 fiat
1020 1891 1096 1954 Cato
1119 1893 1220 1952 docuit
1242 1892 1292 1969 (de
1314 1912 1345 1951 re
1367 1901 1441 1952 rust.
1458 1893 1522 1969 75).
1565 1882 1697 1951 llinoevov
1719 1912 1794 1970 pro·
1886 1884 1887 1951 l

664 1999 729 2075 prie
745 1997 892 2058 Graecum
915 1996 1048 2074 panificii
1070 2014 1163 2073 genus
1186 2004 1233 2054 est
1255 1995 1407 2071 placentae
1422 1996 1528 2073 opinor
1543 1992 1728 2055 Catonianae
1750 1997 1794 2054 si·

666 2101 736 2159 mile
764 2101 794 2160 in
820 2101 913 2159 sacris
940 2099 1128 2177 potissimum
1155 2099 1311 2171 usitatum,
1337 2111 1369 2157 ut
1392 2097 1554 2158 ostendunt
1579 2097 1691 2171 lexica3
1722 2117 1793 2163 con·
1886 2134 1887 2199 3

667 2203 736 2261 l'erri
760 2203 870 2278 poterit
891 2202 981 2261 Ianus
1002 2191 1142 2259 Πνπνῖνων
1164 2201 1260 2260 dictus
1283 2194 1331 2258 ini
1353 2195 1383 2259 ri
1407 2197 1435 2257 ἓν
1456 2199 1519 2262 ταῖς
1540 2190 1701 2263 καλάνδαις
1722 2197 1795 2258 ἄνα·

667 2295 811 2388 φέρεσθαι
833 2294 952 2363 πόπανα
975 2303 1092 2381 (Lydus
1115 2303 1151 2362 de
1174 2321 1267 2363 mens.
1284 2304 1313 2375 4,
1336 2303 1378 2380 9).
1415 2301 1549 2363 Graecus
1572 2303 1641 2361 item
1658 2295 1794 2380 φθόνῶ)
1886 2298 1887 2307 ³

669 2425 821 2466 sacrarum
843 2405 1046 2483 placentarum
1070 2406 1187 2483 species
1210 2406 1348 2478 aliaest,
1376 2416 1408 2464 ut
1429 2405 1532 2463 eadem
1555 2405 1654 2464 lexica
1675 2405 1795 2477 docent,
1886 2418 1887 2421 ’

668 2529 756 2587 quem
779 2510 805 2569 si
827 2510 894 2586 quis
916 2508 970 2567 sibi
994 2509 1099 2568 confici
1121 2509 1232 2586 cupiet,
1255 2518 1391 2585 puratum
1414 2509 1504 2567 hebet
1525 2507 1795 2567 culinaedoctorem
1886 2556 1887 2575 ,

670 2611 907 2687 Athenaeumt).
925 2611 1107 2688 -Reliqua
1129 2630 1215 2671 sacra
1234 2612 1335 2670 omnia
1356 2630 1421 2670 cum
1443 2619 1666 2687 repraesentata
1687 2611 1796 2670 habea·

672 2733 736 2773 mua
751 2715 781 2773 in
797 2714 925 2773 nummis
938 2713 1111 2786 Domitiani,
1133 2714 1190 2772 hoc
1206 2715 1247 2773 ibi
1262 2733 1298 2772 ne
1313 2714 1398 2782 desit,
1415 2714 1610 2791 probabiliter
1620 2712 1797 2773 Dresselius

672 2816 824 2875 existimat
846 2817 924 2875 cerni
948 2817 977 2873 in
1000 2835 1121 2875 nummo
1143 2836 1193 2890 eo,
1221 2816 1271 2894 qui
1293 2817 1471 2877 sacrificium
1495 2817 1574 2875 sistit
1596 2824 1665 2876 ante
1692 2814 1796 2875 nedem
1886 2870 1887 2899 ἶ

671 2928 810 2995 quattuor
830 2918 997 2977 columnam
1019 2918 1085 2977 sine
1107 2919 1229 2978 victima
1249 2919 1369 2995 adpicto
1391 2920 1481 2977 fluvio
1503 2917 1656 2991 Tiberil).

470 3056 528 3132 die
555 3056 717 3131 secundo
743 3054 876 3129 Iunoni
901 3080 935 3127 v.
960 3056 1042 3128 119.
1074 3057 1161 3128 19οε

599 3212 623 3287 I
626 3211 658 3284 V
671 3237 786 3286 monus
804 3210 886 3285 Ium
909 3209 948 3285 in
968 3207 1157 3311 Capitoli[o
1185 3209 1389 3310 ilmmolcuit
1406 3208 1539 3284 Inimici
1563 3235 1709 3309 repertae
1739 3210 1798 3285 bc-
1886 3184 1887 3251 3

777 3358 852 3407 cem
873 3331 1071 3432 femimam
1096 3332 1182 3432 imp.
1211 3329 1344 3408 Caesar
1370 3332 1560 3430 Armentiue,
1588 3329 1720 3406 ibidem
1747 3334 1798 3406 ui·

779 3453 904 3556 terum]
933 3453 937 3557 l
968 3453 1019 3530 M.
1039 3453 1199 3554 Apm'ppa
1225 3466 1259 3529 et
1271 3465 1439 3556 precntum
1466 3454 1544 3553 es[t]
1557 3456 1588 3534 ⁴)
1615 3451 1679 3528 hoc
1696 3454 1800 3528 modo
1886 3448 1887 3493 ³

625 3597 731 3658 lunoni
754 3615 871 3657 carmen
893 3597 976 3655 iubet
998 3596 1098 3655 offerri
1124 3586 1254 3668 δαμάλης
1274 3587 1347 3664 Boin
1369 3587 1455 3666 δὲμας
1477 3586 1600 3674 siphnio.
1637 3596 1732 3654 Boves
1755 3596 1802 3656 al·
1886 3612 1887 3685 }

677 3701 725 3759 boc
744 3698 863 3758 Horatii
885 3701 941 3758 huc
962 3717 1082 3777 quoque
1104 3700 1263 3759 trahendos
1286 3718 1353 3760 esse
1376 3718 1467 3776 snpra
1489 3699 1599 3757 monui.
1616 3729 1654 3740 -
1671 3699 1720 3758 Ad
1742 3698 1802 3758 hoc
1886 3696 1887 3739 ἶ

677 3821 794 3863 sacrum
818 3803 954 3878 pertinet,
977 3812 1009 3860 nt
1030 3803 1144 3861 monuit
1157 3803 1294 3876 Dressel‚
1316 3820 1452 3861 nummus
1469 3801 1633 3860 Domitiani
1653 3802 1799 3861 exhibens
1886 3786 1887 3853 l

677 3913 745 3964 ante
767 3905 974 3983 imperatorem
998 3913 1124 3965 stantem
1147 3906 1285 3963 mulieres
1308 3915 1368 3965 tres
1388 3904 1512 3983 genibus
1534 3903 1673 3979 nixari).

476 4056 583 4119 nocte
610 4044 719 4117 tertia
745 4042 880 4117 Terrae
908 4042 1014 4118 matri
1041 4066 1076 4114 v.
1101 4045 1183 4117 134.
1215 4045 1306 4116 135:

603 4211 709 4276 noctu
740 4200 792 4274 ud
818 4197 974 4274 Tiberim
1008 4200 1122 4298 [sicem
1146 4200 1295 4299 plenam
1322 4197 1452 4273 Terrae
1478 4197 1590 4273 mutii
1618 4196 1804 4272 inmolavit

782 4320 883 4422 imp]
900 4319 903 4421 l
924 4317 1058 4396 Caesar
1070 4319 1250 4420 Atrquctuc
1262 4322 1512 4422 premiturque
1529 4318 1659 4395 esthoc
1672 4320 1801 4420 niodo}

480 4453 683 4463 ——-—-

556 4531 578 4595 ¹)
608 4531 759 4597 Opportune
785 4532 920 4584 admonuit
943 4532 1005 4583 Otto
1024 4531 1183 4583 Hirschfeld:
1211 4533 1278 4583 (lixit
1301 4534 1333 4583 da
1355 4547 1388 4582 eo
1411 4531 1516 4583 Lobeck
1538 4534 1565 4583 in
1585 4531 1801 4597 Aglaophamoa

497 4627 597 4677 .1074.

477 4643 494 4693 p
554 4715 578 4778 ²)
608 4718 757 4768 Athenaeus
778 4720 812 4768 14
831 4734 856 4782 p.
871 4716 957 4769 otuu:
983 4711 1044 4766 iti
1062 4713 1142 4782 φθόις
1161 4702 1221 4767 eheu
1247 4712 1354 4785 γίνεται·
1374 4702 1447 4784 rupit
1467 4713 1581 4775 ἐκπιέσας
1602 4716 1675 4786 τρῖβε
1699 4714 1740 4766 καὶ
1762 4714 1804 4785 tp.

479 4797 564 4874 pabala
583 4808 606 4868 ἐς
629 4798 741 4860 sicarum
764 4795 888 4881 χνῖλκινον
912 4798 1011 4874 διήθει,
1037 4801 1085 4859 εἶτ’
1099 4801 1204 4873 ἐπίβαλε
1230 4806 1290 4877 μέλι
1314 4802 1356 4859 καὶ
1375 4804 1509 4878 σιλίγνεως
1532 4801 1619 4877 ἡμίναν
1642 4807 1684 4859 καὶ
1708 4795 1803 4878 coppos-
1886 4800 1887 4813 ¹

479 4904 559 4971 λαξον
578 4902 613 4961 alc
632 4896 664 4951 iv.

556 4994 581 5057 ⁸)
609 4995 741 5047 Echhell
767 5012 792 5061 p.
808 4996 873 5058 3863
900 4996 990 5047 Cohsn
1012 4998 1025 5045 l
1051 5012 1074 5061 p.
1089 4995 1142 5046 479
1162 5012 1187 5045 n.
1203 4997 1246 5047 91.
1285 4996 1382 5048 Similis
1407 5002 1446 5046 ast
1470 5012 1587 5047 nummus
1606 4996 1671 5046 alius
1697 4994 1803 5057 (Echhel
1886 4968 1887 5025 l

480 5090 498 5141 1.
512 5106 548 5153 c.;
568 5087 657 5140 Cohen
676 5104 702 5139 n.
717 5087 770 5151 85),
791 5089 841 5139 nlsl
860 5089 929 5154 quod
949 5089 1026 5139 aedes
1046 5095 1084 5139 est
1102 5088 1278 5141 columnarum
1297 5105 1343 5140 sex
1364 5096 1389 5139 at
1408 5089 1481 5139 abest
1500 5089 1610 5139 Tiberis.

557 5178 581 5242 ⁴)
609 5182 702 5232 Errore
721 5183 843 5247 scripturn
862 5198 909 5248 pro
923 5182 1026 5249 precati
1043 5188 1111 5231 aunt:
1132 5183 1264 5246 Angustus
1283 5191 1310 5232 ut
1329 5183 1467 5249 inseratur,
1487 5182 1597 5247 spatium
1616 5183 1731 5251 requirit.

558 5271 583 5341 ⁸)
611 5262 708 5331 seruet
729 5275 754 5343 c,
775 5274 837 5326 acc.
877 5274 967 5327 conen
988 5277 1002 5324 1
1022 5290 1047 5343 p.
1061 5274 1114 5326 rm
1134 5289 1162 5329 n.
1176 5277 1219 5330 ao.
