3798 5910
408 542 481 611 350
542 592 547 600 -
712 562 982 614 suerranum
1011 563 1060 613 su
1087 563 1188 615 aona
1214 564 1417 615 anvsmvu.

406 754 493 794 nemo
515 735 732 795 architecturae
746 736 900 794 Romanae
923 737 1035 812 peritus
1058 737 1112 795 eibi
1136 738 1363 814 persuadeat¹).
1400 738 1462 796 Iam
1479 757 1549 797 vero
1570 748 1638 797 acta
1659 740 1723 814 ipsa

407 858 465 896 uuo
492 848 569 895 certe
594 837 659 896 locu
689 839 852 897 luculenter
877 838 1014 898 dicuntur
1042 840 1194 915 proposita
1220 841 1315 899 fuisse
1342 859 1400 899 nun
1427 840 1457 898 in
1487 843 1598 916 pariete
1622 841 1723 917 aliquo

405 941 552 999 exteriore
580 940 719 1012 aedilicii,
752 943 803 998 sed
833 941 918 999 intra
974 944 1008 1000 lu
1036 942 1137 999 tabula
1164 942 1241 1000 enim
1271 961 1298 1000 a.
1322 942 1357 1001 81
1389 943 1545 1002 adnotatur
1570 943 1720 1019 piaculum

406 1042 513 1100 lactum
541 1060 608 1100 esse
635 1057 677 1100 oa
705 1059 825 1101 Feaavn
853 1060 993 1101 rutarum
1020 1060 1155 1102 insenum
1178 1060 1352 1104 scateavaae
1373 1060 1502 1117 CAVSSA,
1529 1056 1558 1102 et
1584 1045 1723 1120 deinceps

406 1160 447 1203 ou
467 1160 588 1202 enaavm
604 1160 642 1202 ne
662 1161 738 1202 aene
757 1161 891 1204 etarvra:
915 1164 1058 1204 annorum
1081 1156 1243 1205 ceterorum
1268 1158 1354 1204 notae
1376 1148 1493 1206 brevius
1516 1149 1645 1204 referunt
1659 1150 1722 1220 ser-

405 1266 467 1303 rum
488 1247 608 1305 inlutum
629 1247 676 1304 rel
698 1247 802 1306 elutum
823 1265 904 1319 esse,
931 1247 1056 1307 deloco
1083 1249 1155 1307 nihil
1178 1248 1328 1307 addentes.

488 1348 573 1424 Quae
600 1367 666 1406 cum
693 1350 736 1407 ita
763 1350 836 1423 sint,
862 1360 929 1408 acta
955 1350 1074 1427 collegii
1100 1350 1136 1409 ad
1164 1350 1329 1409 aedificium
1359 1352 1518 1410 rotundum
1546 1353 1607 1410 ullo
1635 1353 1723 1410 modo

404 1452 582 1528 pertinuisse
604 1469 690 1528 nego.

487 1552 574 1628 Quod
597 1553 621 1611 ei
643 1573 743 1612 verum
767 1565 826 1627 est,
856 1554 942 1613 valde
964 1555 1156 1613 dubitandum
1180 1575 1247 1614 num
1275 1575 1379 1615 revera
1404 1557 1477 1615 deae
1500 1556 1578 1616 Diae
1604 1576 1724 1616 sacrum

404 1656 498 1714 luerit.
542 1655 646 1730 Neque
669 1656 743 1732 fugit
765 1655 937 1715 Heuzenum
960 1658 1113 1731 (relueiorac
1134 1678 1161 1734 p.
1179 1657 1238 1733 Xl)
1261 1658 1344 1717 loeus
1366 1670 1497 1717 acturum
1520 1660 1597 1717 uude
1620 1662 1722 1718 aedem

404 1759 476 1817 deae
498 1757 576 1816 Diae
602 1758 757 1817 rotundam
786 1776 843 1816 nou
871 1759 964 1818 fuisse
992 1761 1056 1818 iure
1081 1761 1252 1835 suspiceris.
1305 1765 1391 1819 Anno
1417 1762 1494 1819 enim
1521 1761 1576 1819 183
1605 1780 1722 1820 eaerum

404 1862 513 1919 factum
536 1872 584 1919 eet
603 1864 695 1936 opsa'a
717 1861 871 1919 iachuundi
892 1881 989 1933 cauea,
1012 1863 1089 1938 quud
1109 1866 1140 1919 iu
1153 1865 1277 1938 suetiqic
1299 1865 1379 1921 aedte
1401 1865 1469 1922 deus
1490 1864 1567 1921 Dius
1581 1865 1655 1938 fieus
1680 1869 1723 1921 in-

402 1972 472 2021 uata
494 1974 577 2021 esest:
602 1963 751 2040 fastigium
776 1981 845 2021 vero
866 1964 903 2021 de
925 1964 998 2022 aede
1020 1965 1164 2040 quadrata
1186 1964 1284 2040 potius
1306 1984 1394 2040 quam
1417 1965 1544 2023 rotunda
1565 1965 1723 2040 dieitur2).
1780 1976 1785 1983 '

402 2063 500 2139 Quam
522 2065 560 2123 ub
582 2083 642 2122 reru
665 2083 767 2123 eurum
790 2068 936 2124 sententia
956 2067 1006 2142 qui
1029 2066 1191 2124 aedificium
1214 2069 1371 2125 rotundum
1388 2064 1568 2126 Caesareum
1584 2068 1723 2127 dixerunt

404 2167 493 2243 digua
518 2184 590 2225 saue
616 2176 662 2225 est
688 2185 765 2243 quae
793 2169 899 2225 iterum
928 2170 1120 2227 examinetur.
1175 2167 1264 2243 Quod
1292 2181 1323 2228 ut
1351 2189 1415 2227 cum
1444 2171 1541 2228 fructu
1569 2172 1723 2243 efficiatur,

405 2287 583 2345 magnopere
609 2268 769 2346 optandum
796 2282 842 2328 est
869 2280 900 2328 ut
925 2288 995 2347 ager
1021 2270 1070 2329 ille
1096 2281 1154 2328 tam
1184 2270 1267 2329 ferax
1295 2273 1535 2330 documentorum
1562 2274 1721 2349 insignium

403 2372 507 2429 iterum
538 2381 708 2446 temptetur,
736 2373 908 2447 praesertim
935 2391 971 2430 ea
997 2390 1066 2448 pars
1093 2391 1181 2448 quam
1210 2373 1354 2432 Henzeno
1379 2375 1525 2451 attingere
1554 2394 1612 2433 nun
1640 2376 1723 2433 licuit

403 2481 521 2531 vetante
543 2472 676 2546 domiuo,
704 2474 770 2533 dico
793 2475 907 2533 vineam
930 2472 1072 2550 Stephani
1096 2473 1266 2534 Geecarellii
1291 2496 1309 2531 a
1331 2476 1452 2533 sinistre
1480 2486 1562 2551 parte
1585 2477 1650 2534 viae
1677 2497 1722 2535 re·

403 2576 496 2633 centis
518 2576 615 2633 situm.
663 2574 741 2634 Nam
765 2578 791 2635 si
813 2594 889 2652 quae
910 2595 1002 2653 supra
1022 2576 1239 2655 disputavimus
1260 2597 1331 2634 vera
1352 2590 1430 2649 aunt,
1452 2578 1631 2636 effossiones
1655 2580 1722 2637 ulti·

404 2678 459 2736 mis
482 2677 527 2734 his
550 2678 636 2737 aunis
662 2677 815 2737 institutae
840 2698 876 2736 ne
903 2689 1101 2756 pervenerunt
1122 2680 1241 2753 quidem
1270 2680 1307 2737 ad
1335 2699 1400 2738 eum
1428 2680 1540 2753 locum,
1570 2698 1629 2755 quo
1654 2692 1723 2739 acta

402 2778 518 2855 collegii
553 2779 716 2855 antiquitus
743 2782 931 2858 prostabaut3
965 2789 994 2839 et
1020 2791 1151 2840 actorum
1184 2782 1350 2859 fragmenta
1377 2801 1453 2857 quae
1486 2784 1628 2842 habemus
1653 2785 1724 2842 licet

402 2881 502 2956 ampla
528 2881 684 2941 rideantur
709 2891 740 2940 et
765 2883 885 2958 prolixa
910 2885 940 2942 in
968 2894 1051 2942 tanta
1077 2884 1317 2942 documentorum
1348 2885 1411 2944 eius
1443 2886 1561 2961 generis
1590 2886 1722 2961 penurie,

403 2985 512 3042 misera
536 2995 608 3042 eunt
636 2993 665 3041 et
689 2984 789 3044 lacera
816 2985 841 3043 ei
869 2987 1052 3063 reputaveris
1079 2987 1182 3061 quanti
1209 2986 1337 3045 ambitus
1366 2988 1436 3045 olim
1466 2988 1581 3046 luerint
1613 2986 1724 3050 ,Velut

401 3103 441 3144 ex
469 3086 543 3143 actis
576 3087 740 3163 imperante
770 3087 808 3145 M.
838 3088 963 3147 Aurelio
991 3088 1123 3146 exaratis
1152 3088 1202 3146 vix
1230 3089 1382 3164 octogiuta
1409 3107 1547 3148 versuum
1581 3089 1722 3164 reliquiae

403 3197 572 3266 supersunt,
595 3206 661 3247 cum
684 3207 789 3247 versus
810 3189 878 3266 plus
901 3191 982 3248 mille
1003 3191 1180 3267 quingentos
1202 3190 1272 3248 clim
1293 3190 1387 3250 fuisse
1406 3192 1633 3250 ratiocinatione
1647 3193 1722 3249 satis

404 3289 548 3364 probabili
575 3290 728 3349 efficiatur.
783 3293 829 3349 Ac
854 3312 891 3350 ne
917 3293 946 3349 id
972 3292 1091 3366 quidem
1118 3293 1331 3370 neglegendum
1359 3302 1419 3361 est,
1445 3313 1463 3350 a
1490 3294 1612 3352 sinistra
1637 3304 1721 3370 parte

404 3393 468 3449 viae
497 3403 565 3450 ante
594 3393 649 3449 hos
682 3392 822 3451 ducentos
850 3412 944 3452 annos
973 3412 1045 3452 casu
1075 3405 1207 3471 repertas
1237 3413 1303 3454 esee
1333 3395 1448 3452 tabulae
1476 3396 1608 3472 integrus
1637 3397 1720 3467 duaa,

401 3504 497 3571 neque
520 3506 618 3553 tamen
641 3495 702 3554 ullo
725 3498 926 3572 temporaria
947 3498 1115 3555 curatione
1137 3497 1312 3556 effossiones
1334 3497 1494 3555 institutas.
1532 3496 1722 3575 Quapropter

403 3608 433 3658 ut
455 3606 674 3657 monumentum
697 3600 726 3654 in
749 3618 846 3657 rerum
869 3599 1068 3657 Romanarum
1092 3600 1234 3657 memoria
1260 3600 1453 3658 clarissimum
1479 3600 1644 3658 accuratius
1670 3619 1720 3658 ex·

403 3701 578 3776 plorandum
601 3720 636 3758 ne
659 3701 796 3759 omittant
817 3701 842 3759 ei
867 3719 956 3775 penes
978 3719 1053 3777 quos
1076 3722 1172 3759 rerum
1196 3702 1382 3778 antiquarum
1404 3720 1476 3759 cura
1498 3702 1617 3777 publica
1644 3722 1722 3760 nunc

402 3814 447 3861 eet
469 3802 661 3860 adhortamur
682 3812 770 3878 atque
793 3821 956 3861 monemus.

479 3995 501 4057 ¹)
521 3997 562 4046 llx
582 3998 739 4047 ornamentis
758 3998 839 4061 partis
858 3998 986 4048 interioria
1005 3998 1084 4047 cellae
1103 4015 1181 4049 unum
1206 3999 1364 4063 repperimus
1386 3998 1569 4063 fragmentum,
1595 4000 1664 4064 quod
1688 4000 1721 4049 ad

401 4096 499 4154 partem
519 4091 595 4139 imam
615 4088 732 4153 pertinet.
771 4089 869 4141 Saxum
889 4098 927 4139 est
945 4092 1007 4140 satie
1026 4106 1147 4151 masuam,
1171 4092 1242 4155 spira
1259 4100 1285 4140 et
1303 4091 1391 4157 regula
1410 4099 1537 4154 ornatum,
1561 4093 1643 4141 etita
1661 4107 1720 4140 cun·

401 4196 490 4231 cavum
510 4189 538 4232 ut
556 4182 710 4247 respoudeat
729 4183 850 4232 convexis
869 4198 933 4248 quae
953 4183 1093 4233 delineavit
1111 4183 1274 4233 Lancianius.

476 4274 501 4335 l)
521 4274 597 4336 Quod
617 4276 752 4325 Henaenus
771 4275 905 4334 (relmioae
924 4291 948 4340 p.
962 4275 1012 4336 XI)
1032 4276 1103 4324 addit
1122 4276 1231 4326 tortasse
1254 4284 1312 4327 ante
1335 4276 1477 4341 ingressum
1501 4275 1572 4325 aedis
1596 4276 1722 4339 porticum

401 4369 527 4417 adiectam
546 4366 634 4428 luisse,
655 4375 682 4416 ut
701 4375 740 4416 eat
758 4369 783 4416 in
797 4368 923 4427 Pentheo,
943 4369 1085 4418 accuratius
1104 4369 1258 4418 examinatis
1276 4369 1428 4433 fragmentis
1446 4382 1511 4433 quae
1530 4383 1563 4416 ex
1582 4369 1679 4432 pariete
1698 4376 1722 4416 ut

401 4460 520 4524 epistylio
540 4468 717 4509 remanserunt
735 4459 866 4509 refellitur.
905 4460 958 4512 Sed
976 4460 1009 4508 de
1028 4459 1067 4509 bia
1087 4462 1135 4510 niel
1155 4461 1248 4510 additia
1267 4461 1421 4524 imaginibus
1440 4474 1505 4525 quae
1525 4475 1599 4524 spero
1618 4460 1674 4509 iore
1695 4468 1723 4508 ut

401 4552 453 4601 alio
472 4552 529 4601 loco
549 4565 691 4616 proponere
710 4553 806 4616 possim
825 4552 960 4602 diiudicari
981 4554 1076 4617 nequit.

1420 4622 1495 4683 Can.
1518 4623 1679 4682 Huausan.

861 4766 1263 4773 Ἤ.-

862 4990 963 5039 Prodiit
981 4990 1006 5037 d.
1027 4990 1075 5040 lul.
1089 4992 1122 5040 28
1143 5006 1166 5039 a.
1184 4990 1261 5039 1892.

1157 5373 1197 5420 Ex
1219 5370 1391 5433 typographia
1411 5369 1515 5432 Imperii
1535 5367 1692 5418 Germanici.
