3816 5912
621 521 799 576 nvuonvu
826 520 1099 574 snncvnnnrvu.
1449 500 1520 573 253

197 694 387 771 aliquatenus
410 705 556 776 superest,
579 699 740 757 ostendunt
752 697 896 756 Xl'viros
916 698 953 755 de
973 697 1052 755 ludis
1072 697 1110 754 iis
1126 696 1247 753 edendis
1263 705 1397 753 senatum
1413 696 1523 754 adiisse

195 816 275 857 anno
297 798 495 876 praecedente
516 800 559 877 (p.
576 797 647 860 chr.
671 800 746 876 203)
768 802 843 858 inter
865 798 985 858 Ian.12
1010 808 1039 857 et
1061 801 1138 875 Aug.
1157 796 1209 868 123
1237 797 1273 855 de
1295 798 1374 855 ludis
1398 798 1524 874 Augusti

193 900 253 959 hoc
274 910 387 961 tautum
411 920 449 959 ex
471 912 602 961 actorum
623 903 775 961 tertiorum
798 902 964 978 fragmento
988 901 1094 978 (supra
1115 920 1144 975 p.
1161 899 1235 973 245)
1258 901 1431 959 rescivimus
1454 902 1524 958 anni

194 1003 270 1075 eius,
292 1023 350 1080 quo
373 1003 436 1062 ludi
457 1005 597 1063 celebrati
620 1014 699 1074 sunt,
721 1005 768 1063 die
784 1004 872 1063 Febr.
892 1006 927 1061 17
952 1015 1086 1062 senatum
1109 1003 1145 1060 de
1167 1003 1293 1078 pecunia
1313 1003 1342 1060 in
1365 1004 1452 1061 ludos
1472 1021 1524 1061 eos

193 1103 394 1181 impendenda
412 1107 578 1165 consultum
599 1125 674 1166 esse.
696 1140 736 1150 —
758 1107 804 1165 De
821 1112 951 1183 ipsorum
967 1124 1119 1165 sacrorum
1135 1106 1330 1180 ludorumque
1344 1106 1448 1163 diebus
1465 1126 1523 1164 non

194 1209 291 1266 solum
313 1215 381 1266 acta
402 1219 506 1268 nostra
528 1210 705 1268 confirmant
726 1209 805 1285 quod
827 1211 869 1268 ait
890 1205 1028 1267 Zosimus
1051 1214 1164 1268 aestate
1186 1209 1355 1267 saecularia
1375 1209 1525 1267 celebrata

194 1328 262 1369 esse
285 1307 375 1380 (uerri
397 1308 447 1382 mlv
462 1302 532 1392 ὥραν
545 1314 597 1368 τοῦ
610 1301 738 1394 Sigeon),
761 1312 790 1369 id
813 1313 891 1387 quod
913 1314 983 1370 item
1006 1313 1161 1388 requirunt
1182 1312 1284 1388 fruges
1299 1311 1420 1383 divisae,
1443 1312 1523 1382 item,

194 1412 274 1486 quod
296 1412 374 1471 idem
397 1414 499 1483 refert,
527 1411 554 1470 iv
575 1403 659 1496 spiriu
679 1403 793 1494 ἡμίρττνς
917 1404 964 1470 κα)
985 1418 1046 1476 ταῖς
1066 1409 1143 1475 ἴσαις
1169 1407 1258 1492 νυξῖν,
1285 1414 1337 1470 sed
1360 1414 1448 1471 etiam
1471 1414 1523 1489 qui

193 1527 296 1573 essent
316 1516 381 1575 dies
402 1517 424 1574 ii
446 1516 657 1592 patefecerunt.
691 1517 835 1576 Triduum
858 1517 933 1575 illud
955 1524 1001 1575 est
1022 1517 1134 1575 dierum
1157 1517 1186 1573 ir.
1203 1517 1266 1575 Iun.
1290 1526 1319 1574 et
1340 1515 1406 1573 IIII
1427 1526 1457 1573 et
1477 1515 1524 1572 III

192 1635 262 1675 non.
278 1618 344 1676 Iun.
369 1643 406 1669 =
430 1619 494 1677 Iun.
513 1622 538 1678 1.
560 1618 590 1675 2.
613 1619 686 1695 3¹),
713 1621 810 1696 primo
832 1619 879 1678 die
902 1620 1061 1695 incipiente
1083 1621 1121 1678 ab
1143 1619 1254 1691 noctis,
1280 1638 1356 1694 quae
1379 1627 1426 1677 est
1446 1619 1523 1677 inter

192 1719 265 1778 Mai.
284 1721 320 1780 31
345 1731 375 1779 et
397 1722 461 1780 lun.
480 1723 507 1793 1,
529 1722 603 1780 hora
625 1721 768 1781 secunda:

192 1945 232 1984 ex
256 1926 399 2004 epistula:

221 2064 234 2103 4
278 2045 368 2122 [nome
389 2046 470 2123 quo]i
491 2048 552 2106 dies
572 2048 731 2125 inlucislcet
752 2049 780 2109 lc.
795 2048 874 2125 Ina]

194 2233 232 2273 ex
255 2214 369 2273 edicto:

207 2334 235 2375 m
1174 2318 1205 2394 [a
1226 2330 1303 2378 nocie
1323 2318 1369 2396 ea]

207 2436 233 2475 41
278 2424 344 2496 quoi
364 2422 425 2480 dica
445 2423 591 2481 mlaeiieer
611 2421 639 2481 lc.
655 2420 824 2497 Humerum
852 2464 1047 2482 ..........
1078 2424 1119 2480 cd
1139 2442 1166 2480 a.
1191 2423 1218 2479 d.
1234 2421 1304 2499 III]

207 2537 234 2578 ea
275 2541 365 2582 nonae
386 2522 452 2583 Iun.

193 2695 274 2748 acta:

206 2810 234 2851 ss
275 2804 351 2851 nocte
371 2794 529 2871 insequenti
550 2795 716 2871 (praecedit
733 2799 813 2872 prid.
836 2797 862 2854 lc.
879 2796 961 2871 Iun.)
983 2799 1013 2853 in
1035 2797 1196 2871 compend
1220 2795 1374 2871 Tib[em'm].

277 3083 326 3141 De
347 3085 414 3144 loco
437 3102 587 3144 sacrorum
611 3094 823 3145 nocturnorum
846 3096 913 3145 acta
933 3088 1005 3146 haee
1027 3087 1148 3146 habent:

208 3241 235 3281 ao
279 3222 345 3281 ride
367 3241 465 3300 supra.

193 3343 233 3383 ros
276 3328 306 3383 ia
328 3323 462 3401 tbe[a]tro
484 3326 585 3402 lipneo,
606 3329 685 3402 quod
705 3337 767 3386 erat
788 3332 965 3387 constitutum
985 3333 1015 3385 in
1038 3345 1136 3403 compo
1158 3326 1336 3402 s[ecu]mdum
1361 3327 1481 3385 Tiberim

192 3445 233 3484 τιν
279 3429 319 3485 ad
342 3427 462 3486 Tiberim

191 3546 233 3588 me
276 3530 316 3587 ad
339 3529 463 3589 Tiberim

191 3715 222 3756 v.
241 3698 309 3757 156.
329 3698 401 3756 157:

276 3804 306 3858 in
328 3801 438 3860 theatro
462 3802 467 3878 Ι
492 3802 593 3878 liques,
615 3805 694 3880 quod
714 3814 753 3862 est
774 3805 815 3861 ud
839 3803 970 3862 Tiberim.

277 4004 394 4083 Sibylla
422 4013 519 4065 autem
550 4026 637 4083 quem
666 4006 763 4067 locum
786 4008 929 4086 'designet
956 4008 1058 4068 verbis
1086 4005 1113 4064 ἐν
1139 3999 1226 4082 πεδίῳ
1255 3999 1333 4089 παραὶ
1359 3994 1522 4088 Θόμβριδνς

191 4097 318 4165 ἄπλετον
332 4100 416 4189 ὕδωρ,
439 4102 514 4181 ὅππῃ
536 4102 721 4177 στεινότατον,
737 4113 892 4189 ambigunt
910 4108 1138 4189 topographil).
1174 4109 1236 4168 Alii
1252 4108 1388 4185 (Urlichs
1402 4108 1520 4169 Beacbr.

192 4212 281 4270 Roma
302 4211 359 4284 III,
379 4212 395 4269 3
419 4232 447 4288 p.
464 4212 498 4284 53
527 4215 595 4271 rim.
616 4213 738 4289 Topoyr.
761 4219 792 4272 in
813 4213 932 4290 Leipzip
956 4234 985 4289 p.
1001 4213 1055 4289 96)
1081 4204 1256 4270 στεινότατον
1279 4213 1431 4288 iungentes
1454 4230 1521 4270 cum

192 4308 280 4387 πεδίῳ
297 4322 447 4372 verterunt
466 4310 508 4371 ‘in
522 4316 618 4391 campi
641 4326 725 4392 parte
741 4311 977 4393 angustissima’,
999 4317 1126 4392 indeque
1141 4315 1305 4373 Tarentum
1323 4315 1413 4371 situm
1429 4313 1522 4372 fuisse

192 4416 381 4475 crediderunt
403 4427 454 4474 aut
475 4417 531 4473 sub
554 4415 704 4493 Capitolio
733 4437 827 4494 prope
849 4419 945 4477 forum
968 4419 1116 4489 boarium,
1144 4428 1196 4476 aut
1217 4418 1271 4476 sub
1293 4417 1399 4476 Pinoio
1422 4426 1521 4475 monte

193 4537 286 4595 prope
314 4520 497 4578 mausoleum
524 4521 654 4598 Augusti
688 4519 821 4596 (Becker
848 4530 961 4597 topogr.
985 4541 1014 4598 p.
1033 4521 1126 4597 628),
1161 4520 1214 4578 alii
1249 4519 1300 4595 (ut
1326 4519 1441 4578 Preller
1466 4520 1521 4576 Re-

191 4625 294 4697 qionen
320 4642 348 4701 p.
373 4620 446 4697 241,
476 4622 522 4681 cui
553 4623 680 4700 praeivit
706 4623 748 4680 lo.
771 4623 811 4681 M.
830 4622 947 4683 Gesner
967 4624 1009 4703 jde
1034 4624 1121 4683 annis
1150 4623 1288 4699 ludisque
1317 4621 1520 4682 saecularibus

275 4853 297 4916 ¹)
326 4854 390 4905 Dies
414 4856 492 4920 igitur
515 4856 634 4907 ludorum
659 4856 828 4908 saecularium
853 4857 918 4908 nihil
944 4872 1080 4908 commune
1103 4857 1200 4908 liabent
1223 4873 1280 4908 cum
1304 4857 1347 4907 die
1371 4857 1521 4907 tribunicias

195 4948 328 5013 potestatis
348 4948 465 5013 Angusto
486 4949 634 5013 permissae,
659 4957 747 5000 contm
767 4966 843 5015 quam
862 4952 969 5001 coniecit
989 4949 1049 5002 ouo
1069 4949 1216 5000 Hirschfeld
1235 4950 1252 5000 l.
1267 4966 1289 4999 e.
1309 4952 1411 5015 p.104.
1443 4949 1521 5002 Sere-

194 5040 262 5090 rianl
282 5040 335 5090 ludi
354 5040 445 5105 quibus
465 5040 555 5092 diebus
573 5041 634 5093 faeti
654 5043 712 5105 sint,
734 5056 766 5092 ex
786 5044 900 5108 reliquiis
920 5050 1035 5094 actorum
1054 5043 1193 5093 alterorum
1213 5058 1265 5092 non
1284 5044 1446 5108 perspicuum
1471 5042 1520 5091 hoc

195 5140 304 5199 apparet
322 5141 366 5184 aut
385 5134 476 5184 iisdem
496 5133 586 5185 diebus
606 5149 650 5185 eos
670 5134 811 5187 celebratos
831 5150 886 5186 esse
904 5143 948 5185 aut
967 5137 1099 5201 proximis.

274 5222 299 5289 ²)
328 5225 402 5288 Quae
421 5233 568 5292 sequuntur,
588 5227 671 5277 debeo
689 5228 820 5279 Huelseno
839 5228 966 5293 discipulo
985 5228 1123 5293 quondam,
1144 5229 1196 5279 iam
1214 5229 1305 5280 amico.
