3746 5912
1380 554 1454 625 525
1530 631 1534 639 ,

134 753 201 823 312
221 756 290 841 (ins.
306 778 335 841 p,
353 759 415 818 409
438 765 508 836 post
529 779 560 820 n.
580 754 651 839 132)

136 878 239 938 Castro
255 880 290 938 de
304 880 333 939 lo
355 879 474 938 Vertere
495 898 588 957 prope
609 878 710 939 Pieros
731 880 764 939 in
785 880 907 957 regione
928 885 1074 941 Asturum
1088 885 1343 960 Augustanorum,
1366 900 1457 958 eyter·

179 983 310 1043 miniato
332 984 366 1042 aa
390 982 551 1062 Gneobelos,
579 984 698 1059 leugam
725 1004 826 1044 unaa
855 983 1038 1063 Wlosroncc
1059 986 1105 1044 del
1133 984 1241 1064 Viarao,
1271 984 1326 1044 ubi
1351 982 1457 1060 Bergi-

179 1089 252 1146 dum
279 1086 417 1146 Flavium
446 1088 590 1165 oppidum
618 1088 782 1148 collocatur
808 1087 1016 1167 probabiliter,
1040 1089 1142 1148 tabula
1164 1108 1201 1147 ex
1223 1088 1323 1167 lapide
1345 1085 1458 1147 scissili

178 1191 240 1250 alta
260 1210 302 1252 m.
318 1192 400 1268 028,
423 1191 585 1271 1416045,
609 1210 708 1250 crassa
723 1194 806 1257 0.03.
845 1194 985 1250 Servatur
1006 1191 1138 1268 Legiona
1153 1191 1186 1250 in
1200 1211 1315 1271 museo,
1338 1191 1457 1251 litterae

178 1295 256 1353 altae
278 1301 350 1354 sunt
370 1314 410 1355 m.
428 1296 539 1371 0.015;
561 1313 664 1370 margo
687 1294 832 1374 superior,
857 1294 910 1371 qui
932 1295 1014 1355 solus
1036 1302 1169 1354 servatus
1192 1302 1253 1373 eat,
1283 1301 1457 1355 ornamenta

178 1399 271 1458 habet
292 1399 444 1474 eleganter
466 1399 555 1458 iacta.
658 1436 665 1449 ·
693 1436 697 1445 ι
724 1434 731 1447 ·
758 1432 763 1445 ·
821 1432 828 1444 ·
854 1432 859 1446 ·
920 1434 925 1441 ·

549 1554 614 1597 [ΜΡ
648 1567 656 1582 ·
692 1554 883 1598 commone
912 1561 1022 1605 aaran

545 1642 1023 1701 'onerumrro-'tsam-ncos

545 1760 604 1816 pro
613 1774 620 1790 ·
630 1760 736 1804 setv'se
751 1761 823 1804 ΝΑ·
836 1761 873 1802 ΕΤ
881 1760 1023 1804 ·SVORVm
1142 1724 1165 1766 p.
1175 1712 1245 1758 (1179

548 1820 752 1946 rumelicum
779 1902 787 1916 .
816 1902 823 1916 .
854 1903 861 1916 .
891 1904 898 1918 .
928 1903 936 1917 .
961 1879 1019 1927 μ.

132 2017 203 2079 Fita
224 2018 309 2078 misit
338 2019 487 2097 depictam
513 2021 550 2079 ab
578 2019 677 2097 Eligio
700 2020 774 2080 Dian
795 2022 929 2080 Jimenea
956 2040 996 2082 m.
1018 2019 1184 2080 Novembri
1206 2040 1232 2081 a
1253 2020 1333 2079 1897
1357 2020 1455 2078 etad.

133 2143 173 2182 ex
196 2131 302 2199 ectypo
326 2123 461 2182 eiusdem
483 2115 537 2183 bol.
555 2126 588 2182 de
603 2124 633 2183 lo
647 2124 737 2185 Acod.
760 2126 882 2184 XXXII
907 2126 987 2185 1898
1011 2145 1040 2201 p.
1061 2127 1130 2183 171.

179 2229 217 2286 V.
238 2230 251 2285 1
276 2226 394 2286 litterae
415 2225 448 2284 in
463 2227 556 2286 altera
570 2237 654 2303 parte
669 2248 773 2287 versus
788 2248 850 2287 uon
865 2247 967 2287 erasae
982 2234 1054 2287 sunt
1069 2227 1216 2306 consulto,
1240 2222 1458 2286 sed'interiisse

132 2328 276 2389 videntur
298 2329 508 2408 superposita
529 2330 623 2390 fascia
644 2333 767 2409 ahenea
790 2352 867 2408 qnae
888 2332 1029 2391 tabellam
1049 2331 1194 2391 firmabat.
1314 2344 1320 2357 ·

178 2435 216 2492 V.
234 2436 253 2492 4
280 2429 379 2514 Iliae)
400 2429 539 2514 Rullum)
561 2429 730 2516 Pdecules's‘]
756 2436 880 2495 nomina
901 2435 1039 2513 supplevi
1061 2434 1191 2512 exempli
1218 2446 1321 2510 eausa,
1349 2432 1459 2492 tabella

133 2536 202 2595 basi
225 2544 342 2596 statuae
363 2537 482 2597 votivae
507 2537 624 2598 videtur
645 2537 740 2597 fuisse
762 2538 883 2598 inserta

177 2641 225 2700 En
247 2642 353 2700 eodem
374 2641 497 2718 Bergidi
517 2641 615 2701 Flavii
637 2642 697 2701 situ
723 2642 870 2720 processit
896 2642 1004 2701 titulus
1026 2643 1055 2701 Π
1079 2643 1178 2719 5673,
1209 2641 1296 2700 cuius
1322 2641 1459 2701 nondum

134 2743 271 2802 nancisci
291 2743 447 2821 potuimus
470 2745 641 2820 exemplum
662 2745 796 2821 plenum.
1398 2767 1402 2778 ·

145 2935 203 2995 ins.
219 2955 250 3012 p.
267 2937 330 2994 446
353 2942 423 2994 ante
445 2955 476 2996 n.
497 2931 592 3016 1961))

641 3133 646 3141 ,
680 3076 918 3136 SAGVNTVM.

223 3213 259 3269 In
282 3210 384 3270 codice
405 3210 605 3271 bibliothecae
620 3212 829 3289 Gottingensis
843 3213 956 3274 Philos.
976 3216 1034 3273 153
1058 3211 1137 3272 inter
1156 3211 1294 3288 Gregorii
1308 3209 1460 3288 Mayansii

135 3314 283 3392 opuscula
305 3316 326 3375 f.
348 3316 474 3374 49-53
503 3323 550 3374 est
579 3315 708 3394 epistula
736 3317 803 3377 eius
830 3319 899 3376 data
928 3316 1033 3376 Olivae
1062 3315 1208 3394 postridie
1235 3316 1296 3376 kal.
1318 3316 1407 3375 Febr.
1430 3335 1458 3376 a.

140 3420 221 3477 1754
254 3415 462 3477 Illustrissimo
497 3427 527 3478 et
557 3419 820 3479 Excellentissimo
852 3420 917 3479 viro
950 3421 1076 3479 Ernesto
1111 3419 1247 3480 Gnidoni
1277 3418 1390 3478 Comiti
1421 3419 1459 3477 de

135 3523 281 3601 Harrach,
305 3520 416 3580 oratori
437 3521 627 3599 imperatoris
649 3523 831 3602 Germanici,
854 3543 985 3600 quocum
999 3523 1175 3599 Mayansius
1195 3526 1364 3600 Saguntum
1385 3520 1460 3581 visi-

135 3632 258 3685 taverat.
303 3625 412 3684 Insunt
434 3625 571 3702 exempla
592 3625 710 3702 aliquot
730 3626 970 3705 inscriptionum,
994 3648 1011 3685 e
1033 3627 1142 3703 quibua
1165 3626 1218 3704 qui
1239 3625 1316 3686 mihi
1336 3625 1461 3685 rettule-

134 3736 208 3787 rnnt
236 3728 274 3787 de
300 3727 402 3787 codice
429 3728 482 3788 illo
511 3727 588 3787 nihil
617 3730 689 3787 novi
715 3730 791 3789 disci
819 3731 1048 3789 affirmaverant.
1093 3730 1183 3790 Unde
1212 3729 1245 3789 in
1272 3729 1460 3808 praefatione

136 3831 348 3910 supplementi
369 3827 409 3911 (p.
425 3827 580 3913 LXXXII)
602 3833 771 3893 accuratius
793 3836 834 3893 de
852 3833 897 3893 eis
917 3836 1028 3893 referre
1047 3833 1212 3910 supersedi.
1251 3835 1311 3894 Sed
1333 3833 1461 3909 epistula

136 3938 238 3995 denuo
267 3934 447 3994 examinata*
465 3955 519 4012 per
545 3935 669 3995 Ericum
697 3937 837 3996 Ziebarth
861 3958 889 3997 v.
911 3939 939 3997 d.
968 3933 1200 4018 (Mittkeaungm
1225 3940 1272 3997 dea
1299 3936 1460 3996 Dastarkon

135 4038 407 4116 Arebcsologirclcn
438 4038 581 4118 Instituta,
615 4040 763 4099 Romische
793 4040 980 4120 Abthsihmg,
1011 4042 1080 4102 Vol.
1103 4043 1162 4102 XII
1193 4042 1272 4100 1897
1303 4062 1332 4118 p.
1353 4035 1460 4121 3238.)

130 4163 200 4203 rem
222 4141 308 4201 aliter
330 4164 362 4202 se
382 4143 491 4202 habere
513 4146 658 4222 apparuit.
704 4147 782 4204 Nam
808 4146 914 4205 insunt
939 4154 1056 4223 praeter
1081 4145 1141 4204 iam
1170 4152 1258 4204 notos
1287 4143 1461 4221 quindecim

134 4243 178 4329 {m
196 4248 288 4306 3892.
315 4249 408 4307 3832.
433 4249 527 4308 3835.
552 4250 644 4309 3850.
671 4250 764 4309 3843.
789 4250 883 4312 3848.
908 4248 1000 4309 3916.
1027 4250 1119 4309 3889.
1139 4250 1232 4309 3908.
1252 4250 1347 4309 3871.
1365 4246 1459 4308 3920.

135 4353 232 4411 3858.
258 4352 352 4411 3859.
377 4352 471 4413 3840.
497 4347 591 4431 3898)
613 4352 694 4412 tituli
715 4353 850 4430 quinque
872 4352 996 4412 aliunde
1018 4373 1080 4411 non
1109 4352 1175 4412 noti
1195 4350 1370 4432 Saguntini,
1399 4371 1461 4410 non

133 4454 240 4531 magni
261 4454 383 4531 quidem
404 4454 452 4514 illi
473 4457 632 4534 momenti,
656 4459 709 4516 sed
731 4457 873 4534 descripti
893 4457 997 4535 perite,
1020 4462 1125 4534 utpote
1148 4455 1251 4515 avire
1275 4455 1460 4536 doctissimo,

135 4556 279 4634 equibus
299 4559 374 4617 duos
396 4559 486 4636 paulo
509 4560 660 4635 pleniores
677 4559 727 4619 bic
746 4570 847 4637 repeto
863 4556 904 4639 (n.
922 4562 995 4619 314.
1014 4557 1103 4638 315);
1126 4559 1180 4636 qui
1194 4559 1334 4619 videntur
1349 4558 1462 4618 saeculi

133 4659 228 4737 primi
248 4659 383 4720 ineuntis
406 4682 472 4721 esse
494 4664 590 4722 ambo.

133 4810 201 4879 313
223 4812 292 4897 (ins.
315 4836 345 4892 p.
363 4821 425 4876 446
448 4814 691 4900 postn.19,6a).

134 4937 265 5012 Sagunti
286 4957 348 5014 rep.
371 4959 398 4997 a.
418 4941 500 4999 1896
523 4939 556 4998 in
578 4940 733 5017 necropoli
754 4959 857 4999 versus
879 4939 1036 4999 meridiem
1058 4939 1213 4999 acastello
1236 4938 1295 4998 sita
1315 4939 1350 4998 in
1372 4938 1463 4998 effos-

178 5040 330 5115 sionibus,
361 5062 437 5118 quae
459 5042 504 5101 ibi
524 5043 682 5103 institutae
710 5050 782 5103 sunt
807 5051 929 5121 propter
954 5043 1035 5103 viam
1061 5044 1188 5101 ferream
1209 5044 1343 5120 Sagunto
1366 5045 1461 5119 Sego-

177 5142 295 5219 brigam
309 5151 339 5203 et
353 5144 489 5204 Bilbilim
503 5147 703 5225 sternendam,
720 5147 798 5206 circa
813 5147 1015 5224 sepulcretnm
1030 5153 1196 5222 vetustnm3
1219 5146 1322 5206 tabula
1342 5146 1461 5224 lapidea

178 5247 240 5306 alta
261 5265 302 5309 nr.
319 5250 401 5327 0.50,
426 5249 489 5309 lata
510 5254 595 5329 (1.31,
618 5249 727 5310 litteris
748 5251 846 5312 bonis.
