3746 5912
577 563 662 612 VIAE
688 563 978 614 TARRACONENSIS

372 803 446 861 XIa
482 803 555 861 VIA
575 802 753 865 INSVLAE
775 803 974 863 BALEARIS
996 803 1177 864 MINORIS.

111 950 203 1019 253a
233 957 269 1015 In
291 957 413 1034 praedio
428 957 569 1018 Aleoidaia
590 957 707 1018 insulae
723 959 855 1019 Balearis
873 958 1008 1039 minoris,
1032 979 1101 1018 oum
1115 961 1341 1019 submoveretur
1363 979 1432 1036 para

158 1059 224 1119 viae
247 1061 401 1142 antiquae,
431 1064 527 1122 diotae
549 1064 576 1122 el
596 1062 704 1122 camino
724 1063 808 1142 oa'ayo,
840 1063 1010 1139 aMagone
1035 1083 1141 1123 versuo
1163 1063 1276 1141 Alayor
1297 1071 1431 1141 repertus

158 1172 204 1223 eat
233 1185 260 1225 a
287 1168 368 1225 1892
400 1167 506 1243 cippus
534 1162 583 1249 (am
604 1167 833 1246 paraialapipado
862 1165 988 1226 boataate
1015 1164 1138 1248 raqalor)
1168 1169 1246 1226 altus
1275 1187 1314 1226 m.
1348 1170 1429 1246 ΗΟ,

157 1269 237 1327 latua
254 1273 336 1349 ono,
360 1290 478 1330 cranaus
495 1274 582 1348 0.40;
604 1272 713 1330 litteris
736 1270 805 1330 altis
827 1290 866 1329 m.
884 1273 967 1351 doe,
991 1291 1052 1331 non
1074 1270 1241 1350 profundis.
1279 1271 1432 1330 Meroadal

159 1380 259 1432 nervat
279 1374 363 1434 domi
385 1395 419 1434 an
440 1374 502 1434 Son
526 1374 674 1436 Griatdbal.

632 1618 682 1660 [MP
696 1629 704 1646 ⁰
720 1616 794 1662 CAES
810 1631 817 1646 ·
832 1617 893 1659 NER

632 1722 674 1763 VA
701 1735 709 1750 ·
738 1721 877 1764 TRAIANV

631 1825 698 1868 AVG
712 1839 720 1853 ·
736 1825 794 1868 Gen
807 1839 814 1854 ·
829 1825 845 1867 Ρ
858 1838 865 1852 ·
877 1825 893 1866 P

791 1927 881 1971 unane
997 1904 1149 1958 ¹¹*0⁹⁸·¹⁰²

114 2152 295 2213 Franciaeus
317 2155 427 2232 Campa
448 2155 601 2215 Mereadal
622 2153 738 2215 Roda
759 2154 793 2214 de
815 2154 955 2214 Manoroa
981 2155 1061 2214 1896
1084 2174 1114 2231 p.
1132 2156 1188 2234 38,
1220 2155 1273 2229 qui
1295 2155 1432 2215 observat

114 2258 237 2335 cippum
259 2265 409 2336 repertum
430 2259 497 2319 loeo
516 2279 610 2334 aeque
627 2258 758 2318 distante
773 2279 790 2318 a
804 2260 934 2336 Magone
950 2266 980 2318 et
996 2280 1013 2317 a
1027 2261 1149 2318 Iamone
1172 2253 1348 2341 (Gindadelo)
1370 2256 1431 2318 iam

114 2369 236 2440 propter
257 2365 376 2441 pondua
397 2365 509 2439 grande
532 2361 576 2444 (de
590 2363 687 2444 quiana
701 2358 849 2446 quenulae)
864 2384 925 2424 non
944 2384 1032 2442 poaae
1055 2364 1176 2423 aliunde
1198 2366 1258 2423 huo
1279 2370 1432 2441 portatum

114 2485 190 2525 eoae.
229 2466 409 2543 Itaqueiam
424 2487 486 2528 non
501 2467 705 2528 dubitabimus
727 2475 856 2527 statuere
878 2467 1009 2545 lapidem
1032 2469 1137 2527 eodem
1159 2467 1247 2528 titulo
1271 2468 1322 2526 sed
1337 2467 1432 2526 varai-

113 2571 173 2628 bua
200 2571 304 2646 paullo
339 2572 425 2631 aliter
458 2571 628 2633 distributio
663 2572 841 2650 inscriptum
871 2580 900 2632 et
928 2572 961 2632 in
991 2574 1095 2633 eadem
1124 2572 1246 2649 regione
1281 2580 1432 2650 repertum

114 2677 149 2733 C.
167 2675 295 2735 116003
319 2682 350 2735 et
371 2675 471 2753 ipaum
488 2676 652 2737 miliarium
674 2697 740 2738 ease
754 2677 820 2737 viae
835 2680 988 2737 Romanae
1005 2697 1022 2736 a
1037 2679 1165 2754 Magone
1187 2678 1341 2736 lamonem
1363 2684 1432 2735 ante

113 2777 291 2859 Traianum,
321 2781 448 2840 fontanae
473 2780 535 2841 iam
562 2782 600 2841 ab
626 2784 775 2861 Augusto,
800 2781 938 2841 conditae
968 2791 998 2842 et
1019 2780 1059 2840 in
1088 2780 1171 2840 illius
1199 2801 1286 2840 versu
1312 2780 1430 2858 ultimo,

114 2902 131 2940 a
157 2903 215 2957 quo
240 2900 355 2943 ..nen
375 2892 493 2944 tantum
515 2893 665 2966 superest,
687 2906 749 2945 non
775 2881 882 2966 [s]aoe't
902 2885 1112 2966 supplendum,
1136 2886 1190 2945 aed
1215 2880 1354 2965 [respuit.

163 5377 353 5443 Emonam
373 5397 476 5442 nmen
498 5397 567 5443 von.
584 5378 665 5442 vm
