3798 5910
400 506 472 575 300
1014 522 1108 573 sors

398 706 478 753 vetat
501 696 599 754 furiali
626 695 704 752 malo
727 705 756 752 et
778 704 878 752 uotum
901 702 949 751 est
970 686 1087 751 s'acrum
1111 713 1169 752 non
1192 694 1253 751 fieri
1276 695 1334 751 uisi
1359 696 1494 753 manibus
1515 695 1585 752 lotis
1606 707 1638 750 et
1659 695 1723 749 ric·

397 800 485 854 timus
512 817 628 873 quoque
650 816 726 872 aqua
749 815 888 873 aspersas
911 815 978 854 esse
1004 796 1184 872 (Dionysius
1207 795 1275 855 Hal.
1293 796 1321 867 7,
1337 796 1401 871 tt).
1445 797 1542 853 Pilum
1564 796 1600 852 de
1622 796 1724 852 fronte

398 900 511 956 hostiae
533 900 692 957 secandum
719 917 786 955 esee
807 900 896 956 etiam
914 898 1064 975 Vergilius
1087 899 1234 976 significat
1260 900 1335 956 Aen.
1353 900 1381 968 s,
1404 897 1477 957 tta:
1510 917 1634 956 summm
1655 916 1723 953 ccr-

394 1021 465 1076 pens
487 1003 580 1059 media
601 1006 674 1059 inter
695 1021 801 1060 comas
822 1012 926 1059 saetas

481 1121 534 1192 IV,
560 1123 647 1178 1-7.

481 1222 670 1283 Seiiisteruia
691 1242 814 1298 quorum
837 1224 947 1280 mentio
969 1225 1001 1282 fit
1017 1223 1103 1295 V1‚4
1126 1243 1190 1280 curu
1214 1223 1311 1280 iocum
1336 1222 1465 1279 habeant
1480 1233 1549 1299 post
1570 1222 1720 1280 sacrificia

398 1327 455 1383 diei
479 1326 573 1400 primi,
596 1327 763 1400 pertineant
784 1344 906 1383 necesse
925 1336 971 1383 est
986 1327 1020 1383 ad
1045 1337 1159 1383 noctem
1183 1326 1351 1383 secundam.
1389 1326 1518 1403 Ilithyiis
1534 1325 1626 1382 oblati
1642 1324 1719 1381 sacri

399 1431 427 1485 iu
452 1429 563 1485 nostris
585 1429 719 1502 reliquiis
742 1428 852 1485 nuiinm
877 1429 1032 1503 vestigium
1056 1429 1207 1485 remansit

482 1530 529 1586 Ad
556 1548 671 1587 sacrum
695 1530 800 1586 Iunoni
827 1531 946 1605 reginae
974 1530 1103 1587 oblatum
1133 1530 1180 1586 die
1203 1530 1333 1587 secundo
1363 1538 1498 1604 spectant
1518 1510 1594 1604 quae
1617 1547 1719 1603 super·

400 1646 469 1690 sunt
492 1632 544 1702 Ν,
560 1632 655 1688 5-7.

482 1751 669 1822 las-23.
715 1750 752 1821 V,
771 1753 859 1809 t-t.

482 1853 529 1910 Ad
552 1855 727 1912 sacrificium
744 1854 822 1930 quod
838 1854 884 1911 die
908 1855 1037 1912 secundo
1059 1855 1175 1912 XVviri
1194 1854 1299 1911 Iunoni
1315 1855 1437 1930 reginae
1453 1853 1574 1924 faciunt,
1597 1852 1720 1910 adicitur

400 1956 602 2013 secundarium
617 1956 681 2012 Iovi
704 1956 834 2013 oblatum
851 1967 880 2013 et
901 1956 1021 2032 epulum
1043 1956 1212 2015 XVvirum.
1250 1954 1392 2032 Sequitur
1413 1956 1516 2014 eodem
1533 1956 1580 2014 die
1595 1955 1719 2012 aiterum

400 2057 456 2115 CX
485 2068 694 2115 matronarum.
743 2057 907 2115 Precautur
933 2059 1041 2116 coniux
1069 2060 1258 2134 imperatoris
1285 2070 1315 2116 et
1340 2066 1491 2116 matronae
1515 2058 1647 2133 reliquae
1667 2059 1721 2114 im·

400 2170 536 2235 peratore
557 2170 734 2234 praeeunte3
762 2160 882 2218 adstant
897 2162 1026 2235 virgines
1043 2161 1179 2219 Vestales
1201 2163 1278 2219 duae
1296 2172 1325 2219 et
1345 2162 1477 2219 maxima
1498 2163 1567 2218 etei
1583 2161 1722 2236 proxima

400 2262 481 2335 (vide
503 2280 593 2338 supra
616 2281 643 2336 p.
661 2262 743 2335 267).
782 2263 898 2321 Minora
919 2264 980 2320 alia
998 2273 1027 2319 et
1049 2260 1250 2321 obscurasere
1272 2265 1466 2339 praetermisi.
1503 2262 1721 2320 Enumerantur

402 2365 430 2420 iu
460 2366 535 2421 actis
563 2364 641 2421 hisce
670 2374 820 2421 matronae
847 2384 950 2422 omues
980 2366 1035 2433 ita,
1063 2378 1096 2423 ut
1124 2365 1252 2442 singuiis
1280 2366 1467 2424 adscribatur
1492 2384 1597 2423 nomeu
1624 2364 1720 2422 mariti

400 2484 470 2524 casu
494 2466 622 2523 secundo
645 2468 836 2542 praenomine
855 2468 969 2524 omisso
986 2478 1100 2541 praeter
1115 2487 1203 2526 unum
1220 2468 1334 2526 Tiberii
1353 2467 1407 2540 Ν,
1421 2469 1465 2525 15.
1500 2464 1645 2525 Condicio
1660 2484 1721 2523 ma-

402 2568 524 2625 ritorum
546 2568 718 2626 enuntiatur
739 2580 796 2641 ter,
818 2568 943 2626 duorum
966 2571 1162 2642 tribunorum,
1185 2570 1297 2628 scilicet
1319 2570 1452 2642 miiitum,
1476 2568 1548 2641 V‚6
1570 2577 1601 2626 et
1621 2568 1721 2645 primi-

403 2669 506 2744 pilaris
530 2668 567 2738 V,
582 2670 610 2727 7.

484 2771 531 2827 Ex
556 2772 642 2841 viris,
671 2790 796 2846 quorum
824 2774 869 2830 hic
896 2774 1006 2832 mentio
1032 2774 1110 2831 iacta
1135 2786 1195 2843 est,
1223 2793 1299 2833 uuus
1325 2773 1403 2850 quod
1430 2774 1521 2832 sciam
1543 2771 1614 2831 alibi
1636 2773 1721 2841 redit,

402 2873 526 2931 Flavius
550 2873 720 2931 Drusianus
742 2875 780 2945 V,
796 2876 829 2934 52

557 2993 599 3050 Μ.
615 2993 665 3052 Fr.
684 2995 764 3063 Quir.
784 2996 950 3054 Drusianus
971 3017 997 3053 o.
1013 3016 1064 3055 cm.
1086 2996 1138 3074 (i),
1160 3006 1244 3073 pater
1267 2998 1368 3056 Aeliae
1389 2996 1513 3055 Flavtao
1533 2996 1578 3053 Μ.
1593 2998 1622 3070 s.
1643 2995 1721 3051 Dru-

645 3101 745 3154 sianae
768 3100 834 3170 us.
858 3096 907 3173 (O.
925 3097 979 3171 VI,
1004 3099 1107 3173 1414).
1438 3121 1439 3124 ¹

403 3216 496 3272 neque
526 3198 630 3256 mirum
653 3198 698 3271 id,
727 3218 794 3256 nam
821 3218 999 3276 quamquam
1029 3202 1115 3260 adest
1136 3201 1215 3260 Iulia
1237 3207 1386 3278 Augusta,
1413 3202 1545 3277 reliquae
1572 3211 1722 3257 matronae

404 3300 536 3357 videntur
563 3319 600 3361 ex
628 3301 711 3376 plebe
739 3301 832 3359 tuisse
859 3322 961 3360 omues
988 3303 1034 3361 rel
1062 3304 1098 3360 ad
1126 3322 1272 3365 summum
1299 3316 1408 3379 nuptae
1435 3303 1583 3378 equestris
1609 3302 1721 3359 ordinis

403 3402 482 3459 viris.
539 3401 624 3476 Quos
654 3412 806 3476 praeterea
832 3404 963 3462 eiusdem
993 3406 1121 3464 nominis
1152 3408 1288 3465 homiues
1317 3406 1519 3483 suppeditavit
1546 3404 1618 3463 mibi
1647 3403 1722 3461 Her-

403 3522 527 3561 maunus
549 3504 667 3561 Dessau
689 3507 962 3582 prosopographiae
977 3508 1132 3567 Romanae
1154 3508 1261 3567 uetans
1283 3509 1490 3584 imperatoriae
1511 3506 1658 3566 editorum
1680 3506 1722 3562 iu-

402 3616 534 3664 turorum
559 3623 649 3664 uuus:

485 3708 594 3766 Atilius
617 3709 731 3784 (potest
752 3711 820 3768 item
843 3711 935 3769 fuisse
957 3711 1105 3786 Statilius)
1127 3712 1249 3773 Severus
1270 3711 1324 3785 IV,
1344 3712 1379 3770 13

556 3812 598 3868 Μ.
628 3812 734 3869 Atilius
767 3812 799 3870 Τ.
820 3815 849 3887 s.
878 3811 997 3871 Severus
1023 3833 1079 3872 cos.
1109 3814 1253 3890 [VII]vr'r
1281 3813 1458 3891 epalo[aa]ra
1485 3814 1515 3870 in
1545 3812 1632 3871 titulo
1657 3813 1721 3887 agri

647 3914 809 3971 suburbani
832 3913 912 3990 (eph.
935 3915 1027 3991 epigr.
1055 3917 1071 3973 7
1093 3937 1121 3993 p.
1139 3917 1221 3992 384).

488 4016 629 4074 Caecilius
654 4016 752 4072 Aristo
775 4015 827 4088 Ν,
846 4018 882 4074 14

558 4115 701 4174 Caecilius
716 4117 840 4193 Arida]
864 4138 886 4176 c.
899 4139 936 4189 ra,
959 4137 1018 4176 cnr.
1034 4139 1110 4195 oper.
1122 4121 1203 4197 publ.
1223 4122 1254 4178 in
1274 4120 1359 4179 titulo
1380 4121 1492 4178 urbano
1514 4140 1539 4177 a
1554 4118 1614 4177 214
1630 4118 1720 4192 (Bait.

646 4237 752 4276 romara
779 4218 856 4276 1884
879 4240 908 4296 p.
926 4221 971 4297 7);
995 4220 1145 4280 Caecilius
1167 4224 1271 4281 Aristo
1297 4242 1419 4298 praeses
1441 4222 1600 4299 Bithyniae
1621 4241 1647 4278 a.
1664 4220 1720 4277 218

647 4321 722 4395 (Dio
745 4322 794 4393 78,
818 4322 880 4396 39).

402 4440 453 4479 eos
478 4422 570 4497 magis
592 4423 767 4481 crediderim
790 4443 827 4480 ex
852 4425 956 4482 horum
980 4427 1109 4503 posteris
1133 4445 1309 4504 essequam
1332 4428 1425 4504 ipsos.

485 4541 522 4613 V,
538 4541 653 4600 8-12.

487 4641 675 4703 Seliisteruia
696 4646 780 4703 initio
802 4661 1030 4706 commemorata
1051 4650 1145 4708 noctis
1167 4651 1271 4707 tertiae
1298 4659 1376 4707 sunt.
1409 4649 1543 4710 ⁸Deinde
1568 4667 1634 4705 cum
1661 4665 1723 4704 nar-

404 4757 504 4804 rentur
520 4746 580 4804 XV
589 4748 644 4805 viri
666 4748 835 4805 interfuisse
858 4768 943 4806 sacro
963 4751 1063 4823 alicui,
1085 4752 1113 4809 id
1131 4752 1247 4809 videtur
1266 4752 1452 4809 referendum
1469 4769 1536 4809 esse
1555 4750 1722 4807 adsacrum

403 4848 506 4905 eadem
530 4860 614 4906 nocte
636 4848 747 4907 Terrae
770 4851 860 4910 matri¹
877 4852 1020 4910 oblatum.
1064 4852 1234 4929 Sequuntur
1255 4855 1382 4930 vestigia
1402 4855 1523 4912 incerta.

488 4967 539 5025 vt.

485 5070 697 5148 Fragmentum
726 5092 791 5130 cum
819 5074 895 5130 diem
925 5086 1066 5133 memoret
1184 5075 1355 5151 [martiam
1382 5077 1480 5134 locum
1508 5076 1565 5132 sibi
1591 5074 1725 5151 flagitare

405 5172 520 5230 ridetur
542 5174 718 5231 anteriorem
726 5196 734 5246 3
765 5188 795 5231 at
816 5176 980 5251 refragatur
1003 5178 1151 5252 scriptura
1172 5177 1277 5253 (supra
1300 5198 1326 5252 p.
1346 5177 1428 5252 289).
1471 5178 1574 5253 itaque
1596 5185 1648 5233 aut
1667 5174 1725 5232 diei
